TF_Name,HomerID,TF_ID,Family_ID,TSource_ID,Motif_ID,MSource_ID,DBID,TF_Species,TF_Status,Family_Name,DBDs,DBD_Count,Cutoff,DBID.1,Motif_Type,MSource_Identifier,MSource_Type,MSource_Author,MSource_Year,PMID,MSource_Version,SR_Model,SR_NoThreshold,TfSource_Name,TfSource_URL,TfSource_Year,TfSource_Month,TfSource_Day,Motif,width,IC,max_score,NCcutoffScore,ICperNT
T,Brachyury(T-box)/Mesoendoderm-Brachyury-ChIP-exo(GSE54963)/Homer,T340152_2.00,F312_2.00,TS12_2.00,M09651_2.00,MS28_2.00,ENSMUSG00000062327,Mus_musculus,D,T-box,T-box,1,0.734273563,Mesoendoderm-Brachyury_GSE54963,Misc,HOMER,Misc,Heinz,2010,20513432,16-Jan,SimilarityRegression,FALSE,Ensembl,http://www.ensembl.org/,2018,Dec,8,M09651_2.00,21,7.738,14.557,5.38,0.37
Batf,"bZIP:IRF(bZIP,IRF)/Th17-BatF-ChIP-Seq(GSE39756)/Homer",T060477_2.00,F091_2.00,TS12_2.00,M08829_2.00,MS27_2.00,ENSMUSG00000034266,Mus_musculus,D,bZIP,bZIP_1,1,0.781756187,BATF_MOUSE.H11MO.0.A,Misc,HocoMoco,Misc,Kulakovskiy,2013,23175603,14-Jul,SimilarityRegression,FALSE,Ensembl,http://www.ensembl.org/,2018,Dec,8,M08829_2.00,18,7.39,14.274,5.119,0.41
Cebpa,CEBP(bZIP)/ThioMac-CEBPb-ChIP-Seq(GSE21512)/Homer,T060479_2.00,F091_2.00,TS12_2.00,M00993_2.00,MS40_2.00,ENSMUSG00000034957,Mus_musculus,D,bZIP,bZIP_1,1,0.781756187,CEBPA_M_HK,PBM,Mann2013,PBM,Mann,2013,23590861,NULL,SimilarityRegression,FALSE,Ensembl,http://www.ensembl.org/,2018,Dec,8,M00993_2.00,9,8.689,10.127,6.936,0.97
Jun,CEBP:AP1(bZIP)/ThioMac-CEBPb-ChIP-Seq(GSE21512)/Homer,T060493_2.00,F091_2.00,TS12_2.00,M01816_2.00,MS64_2.00,ENSMUSG00000052684,Mus_musculus,D,bZIP,bZIP_1,1,0.781756187,pTH4337,PBM,Zoo_01,PBM,Weirauch,2014,25215497,NULL,SimilarityRegression,FALSE,Ensembl,http://www.ensembl.org/,2018,Dec,8,M01816_2.00,9,4.916,8.347,2.962,0.55
Runx1,"ETS:RUNX(ETS,Runt)/Jurkat-RUNX1-ChIP-Seq(GSE17954)/Homer",T319428_2.00,F296_2.00,TS12_2.00,M09372_2.00,MS27_2.00,ENSMUSG00000022952,Mus_musculus,D,Runt,Runt,1,0.7,RUNX1_MOUSE.H11MO.0.A,Misc,HocoMoco,Misc,Kulakovskiy,2013,23175603,14-Jul,SequenceIdentity,TRUE,Ensembl,http://www.ensembl.org/,2018,Dec,8,M09372_2.00,12,8.132,11.533,6.026,0.68
Erg,EWS:ERG-fusion(ETS)/CADO_ES1-EWS:ERG-ChIP-Seq(SRA014231)/Homer,T176548_2.00,F180_2.00,TS12_2.00,M01495_2.00,MS60_2.00,ENSMUSG00000040732,Mus_musculus,D,Ets,Ets,1,0.717430628,Erg,PBM,Wei10,PBM,Wei,2010,20517297,NULL,SimilarityRegression,FALSE,Ensembl,http://www.ensembl.org/,2018,Dec,8,M01495_2.00,10,4.894,8.243,2.746,0.49
Elf1,EWS:ERG-fusion(ETS)/CADO_ES1-EWS:ERG-ChIP-Seq(SRA014231)/Homer,T176546_2.00,F180_2.00,TS12_2.00,M09079_2.00,MS27_2.00,ENSMUSG00000036461,Mus_musculus,D,Ets,Ets,1,0.717430628,ELF1_MOUSE.H11MO.0.A,Misc,HocoMoco,Misc,Kulakovskiy,2013,23175603,14-Jul,SimilarityRegression,FALSE,Ensembl,http://www.ensembl.org/,2018,Dec,8,M09079_2.00,14,9.39,14.189,7.438,0.67
Fli1,EWS:FLI1-fusion(ETS)/SK_N_MC-EWS:FLI1-ChIP-Seq(SRA014231)/Homer,T176537_2.00,F180_2.00,TS12_2.00,M09539_2.00,MS28_2.00,ENSMUSG00000016087,Mus_musculus,D,Ets,Ets,1,0.717430628,CD8-FLI_GSE20898,Misc,HOMER,Misc,Heinz,2010,20513432,16-Jan,SimilarityRegression,FALSE,Ensembl,http://www.ensembl.org/,2018,Dec,8,M09539_2.00,10,4.021,7.663,1.919,0.4
"	Foxa2","Fox:Ebox(Forkhead,bHLH)/Panc1-Foxa2-ChIP-Seq(GSE47459)/Homer",T185768_2.00,F196_2.00,TS12_2.00,M04816_2.00,MS62_2.00,ENSG00000125798,Homo_sapiens,D,Forkhead,Forkhead,1,0.663506654,FOXA2_eDBD_Methyl-HT-SELEX,SELEX,Yin2017,SELEX,Yin,2017,28473536,17-Apr,SimilarityRegression,FALSE,Ensembl,http://www.ensembl.org/,2018,Dec,8,M04816_2.00,20,13.286,18.34,11.173,0.66
Zfp143,"GFY-Staf(?,Zf)/Promoter/Homer",T101369_2.00,F135_2.00,TS12_2.00,M09010_2.00,MS27_2.00,ENSMUSG00000061079,Mus_musculus,D,C2H2 ZF,zf-C2H2,1,0.755454496,ZN143_MOUSE.H11MO.0.A,Misc,HocoMoco,Misc,Kulakovskiy,2013,23175603,14-Jul,SimilarityRegression,FALSE,Ensembl,http://www.ensembl.org/,2018,Dec,8,M09010_2.00,22,15.422,22.924,13.03,0.7
Arnt,HIF-1b(HLH)/T47D-HIF1b-ChIP-Seq(GSE59937)/Homer,T035666_2.00,F082_2.00,TS12_2.00,M08746_2.00,MS27_2.00,ENSMUSG00000015522,Mus_musculus,D,bHLH,HLH,1,0.837833808,ARNT_MOUSE.H11MO.0.B,Misc,HocoMoco,Misc,Kulakovskiy,2013,23175603,14-Jul,SimilarityRegression,FALSE,Ensembl,http://www.ensembl.org/,2018,Dec,8,M08746_2.00,8,6.712,8.281,5.203,0.84
Nr1h2,"LXRE(NR),DR4/RAW-LXRb.biotin-ChIP-Seq(GSE21512)/Homer",T303941_2.00,F278_2.00,TS12_2.00,M09620_2.00,MS28_2.00,ENSMUSG00000060601,Mus_musculus,D,Nuclear receptor,zf-C4,1,0.744966518,RAW-LXRb.biotin_GSE21512,Misc,HOMER,Misc,Heinz,2010,20513432,16-Jan,SimilarityRegression,FALSE,Ensembl,http://www.ensembl.org/,2018,Dec,8,M09620_2.00,16,11.799,16.821,9.59,0.74
Nfia,NF1(CTF)/LNCAP-NF1-ChIP-Seq(Unpublished)/Homer,T324770_2.00,F304_2.00,TS12_2.00,M09383_2.00,MS27_2.00,ENSMUSG00000028565,Mus_musculus,D,SMAD,MH1,1,0.7,NFIA_MOUSE.H11MO.0.C,Misc,HocoMoco,Misc,Kulakovskiy,2013,23175603,14-Jul,SequenceIdentity,TRUE,Ensembl,http://www.ensembl.org/,2018,Dec,8,M09383_2.00,15,6.974,13.29,4.643,0.46
Nfia,NF1-halfsite(CTF)/LNCaP-NF1-ChIP-Seq(Unpublished)/Homer,T324770_2.00,F304_2.00,TS12_2.00,M09383_2.00,MS27_2.00,ENSMUSG00000028565,Mus_musculus,D,SMAD,MH1,1,0.7,NFIA_MOUSE.H11MO.0.C,Misc,HocoMoco,Misc,Kulakovskiy,2013,23175603,14-Jul,SequenceIdentity,TRUE,Ensembl,http://www.ensembl.org/,2018,Dec,8,M09383_2.00,15,6.974,13.29,4.643,0.46
Nfkb1,"NFkB-p50,p52(RHD)/Monocyte-p50-ChIP-Chip(Schreiber_et_al.)/Homer",T317316_2.00,F293_2.00,TS12_2.00,M09358_2.00,MS27_2.00,ENSMUSG00000028163,Mus_musculus,D,Rel,RHD_DNA_bind,1,0.7,NFKB1_MOUSE.H11MO.0.A,Misc,HocoMoco,Misc,Kulakovskiy,2013,23175603,14-Jul,SequenceIdentity,TRUE,Ensembl,http://www.ensembl.org/,2018,Dec,8,M09358_2.00,11,9.048,12.583,6.819,0.82
Rela,NFkB-p65(RHD)/GM12787-p65-ChIP-Seq(GSE19485)/Homer,T317313_2.00,F293_2.00,TS12_2.00,M08039_2.00,MS26_2.00,ENSMUSG00000024927,Mus_musculus,D,Rel,RHD_DNA_bind,1,0.7,SRP001843_p65_Input_LPSstim,ChIP-seq,hmCHIP,ChIP-seq,Chen,2011,21450710,11-Nov,SequenceIdentity,TRUE,Ensembl,http://www.ensembl.org/,2018,Dec,8,M08039_2.00,11,8.727,11.911,6.718,0.79
Rela,NFkB-p65-Rel(RHD)/ThioMac-LPS-Expression(GSE23622)/Homer,T317313_2.00,F293_2.00,TS12_2.00,M08039_2.00,MS26_2.00,ENSMUSG00000024927,Mus_musculus,D,Rel,RHD_DNA_bind,1,0.7,SRP001843_p65_Input_LPSstim,ChIP-seq,hmCHIP,ChIP-seq,Chen,2011,21450710,11-Nov,SequenceIdentity,TRUE,Ensembl,http://www.ensembl.org/,2018,Dec,8,M08039_2.00,11,8.727,11.911,6.718,0.79
Nfya,NFY(CCAAT)/Promoter/Homer,T159933_2.00,F138_2.00,TS12_2.00,M09019_2.00,MS27_2.00,ENSMUSG00000023994,Mus_musculus,D,CBF/NF-Y,CBFB_NFYA,1,0.7,NFYA_MOUSE.H11MO.0.A,Misc,HocoMoco,Misc,Kulakovskiy,2013,23175603,14-Jul,SequenceIdentity,TRUE,Ensembl,http://www.ensembl.org/,2018,Dec,8,M09019_2.00,14,8.843,12.929,6.748,0.63
Npas4,Npas4(bHLH)/Neuron-Npas4-ChIP-Seq(GSE127793)/Homer,T034312_2.00,F082_2.00,TS12_2.00,M04158_2.00,MS62_2.00,ENSG00000170485,,D,bHLH,HLH,1,0.837833808,,,,,,,,,,,,,,,,,,,,,
Nrf1,NRF(NRF)/Promoter/Homer,T350323_2.00,F319_2.00,TS12_2.00,M09450_2.00,MS27_2.00,ENSMUSG00000058440,Mus_musculus,D,Unknown,UNKNOWN,1,0.7,NRF1_MOUSE.H11MO.0.A,Misc,HocoMoco,Misc,Kulakovskiy,2013,23175603,14-Jul,SequenceIdentity,TRUE,Ensembl,http://www.ensembl.org/,2018,Dec,8,M09450_2.00,17,11.931,17.527,9.736,0.7
Pou5f1,"Oct4:Sox17(POU,Homeobox,HMG)/F9-Sox17-ChIP-Seq(GSE44553)/Homer",T238377_2.00,F231_2.00,TS12_2.00,M08031_2.00,MS26_2.00,ENSMUSG00000024406,Mus_musculus,D,"Homeodomain,POU","Homeobox,Pou",2,0.993464052,GSE11329_bioOct4,ChIP-seq,hmCHIP,ChIP-seq,Chen,2011,21450710,11-Nov,SequenceIdentity,FALSE,Ensembl,http://www.ensembl.org/,2018,Dec,8,M08031_2.00,15,8.947,13.74,6.786,0.6
Pitx1,"Pitx1:Ebox(Homeobox,bHLH)/Hindlimb-Pitx1-ChIP-Seq(GSE41591)/Homer",T212420_2.00,F223_2.00,TS12_2.00,M09182_2.00,MS27_2.00,ENSMUSG00000021506,Mus_musculus,D,Homeodomain,Homeobox,1,0.598692765,PITX1_MOUSE.H11MO.0.C,Misc,HocoMoco,Misc,Kulakovskiy,2013,23175603,14-Jul,SimilarityRegression,FALSE,Ensembl,http://www.ensembl.org/,2018,Dec,8,M09182_2.00,10,6.909,9.769,4.867,0.69
Prdm10,PRDM10(Zf)/HEK293-PRDM10.eGFP-ChIP-Seq(Encode)/Homer,,F135_2.00,TS12_2.00,M09001_2.00,MS27_2.00,ENSMUSG00000042496,Mus_musculus,,C2H2 ZF,zf-C2H2,1,,,,,,,,,,,,,,,,,,,,,,
Prdm14,PRDM14(Zf)/H1-PRDM14-ChIP-Seq(GSE22767)/Homer,T101172_2.00,F135_2.00,TS12_2.00,M09001_2.00,MS27_2.00,ENSMUSG00000042414,Mus_musculus,D,C2H2 ZF,zf-C2H2,1,0.755454496,PRD14_MOUSE.H11MO.0.A,Misc,HocoMoco,Misc,Kulakovskiy,2013,23175603,14-Jul,SimilarityRegression,FALSE,Ensembl,http://www.ensembl.org/,2018,Dec,8,M09001_2.00,16,7.381,13.933,5.049,0.46
Prdm15,PRDM15(Zf)/ESC-Prdm15-ChIP-Seq(GSE73694)/Homer,,F135_2.00,TS12_2.00,M09001_2.00,MS27_2.00,ENSMUSG00000014039,Mus_musculus,,C2H2 ZF,zf-C2H2,1,,,,,,,,,,,,,,,,,,,,,,
Prdm9,PRDM9(Zf)/Testis-DMC1-ChIP-Seq(GSE35498)/Homer,T101279_2.00,F135_2.00,TS12_2.00,M09007_2.00,MS27_2.00,ENSMUSG00000051977,Mus_musculus,D,C2H2 ZF,zf-C2H2,1,0.755454496,PRDM9_MOUSE.H11MO.0.C,Misc,HocoMoco,Misc,Kulakovskiy,2013,23175603,14-Jul,SimilarityRegression,FALSE,Ensembl,http://www.ensembl.org/,2018,Dec,8,M09007_2.00,19,9.756,16.463,7.469,0.51
Spdef,PSE(SNAPc)/K562-mStart-Seq/Homer,T176540_2.00,F180_2.00,TS12_2.00,M00159_2.00,MS02_2.00,ENSMUSG00000024215,Mus_musculus,D,Ets,Ets,1,0.717430628,Spdef_0905,PBM,Badis09,PBM,Badis,2009,19443739,NULL,SimilarityRegression,FALSE,Ensembl,http://www.ensembl.org/,2018,Dec,8,M00159_2.00,10,3.891,7.384,1.846,0.39
Smad2,Smad2(MAD)/ES-SMAD2-ChIP-Seq(GSE29422)/Homer,,F304_2.00,TS12_2.00,M05743_2.00,MS62_2.00,ENSG00000175387 ,Homo_sapiens,D,SMAD,MH1,1,,,,,,,,,,,,,,,,,,,,,,
Stat3,Stat3+il21(Stat)/CD4-Stat3-ChIP-Seq(GSE19198)/Homer,T337542_2.00,F308_2.00,TS12_2.00,M09419_2.00,MS27_2.00,ENSMUSG00000004040,Mus_musculus,D,STAT,STAT_bind,1,0.7,STAT3_MOUSE.H11MO.0.A,Misc,HocoMoco,Misc,Kulakovskiy,2013,23175603,14-Jul,SequenceIdentity,TRUE,Ensembl,http://www.ensembl.org/,2018,Dec,8,M09419_2.00,12,6.529,11.167,4.363,0.54
Stat5a,STAT5(Stat)/mCD4+-Stat5-ChIP-Seq(GSE12346)/Homer,T337543_2.00,F308_2.00,TS12_2.00,M09420_2.00,MS27_2.00,ENSMUSG00000004043,Mus_musculus,D,STAT,STAT_bind,1,0.7,STA5A_MOUSE.H11MO.0.A,Misc,HocoMoco,Misc,Kulakovskiy,2013,23175603,14-Jul,SequenceIdentity,TRUE,Ensembl,http://www.ensembl.org/,2018,Dec,8,M09420_2.00,10,8.935,11.189,6.631,0.89
Tbp,TATA-Box(TBP)/Promoter/Homer,T342364_2.00,F313_2.00,TS12_2.00,M00216_2.00,MS02_2.00,ENSMUSG00000014767,Mus_musculus,D,TBP,TBP,1,0.7,Tbp_pr781,PBM,Badis09,PBM,Badis,2009,19443739,NULL,SequenceIdentity,TRUE,Ensembl,http://www.ensembl.org/,2018,Dec,8,M00216_2.00,7,2.124,4.838,0.333,0.3
Smad3,"Tbox:Smad(T-box,MAD)/ESCd5-Smad2_3-ChIP-Seq(GSE29422)/Homer",T324772_2.00,F304_2.00,TS12_2.00,M00192_2.00,MS02_2.00,ENSMUSG00000032402,Mus_musculus,D,SMAD,MH1,1,0.7,Smad3_3805,PBM,Badis09,PBM,Badis,2009,19443739,NULL,SequenceIdentity,TRUE,Ensembl,http://www.ensembl.org/,2018,Dec,8,M00192_2.00,10,3.017,6.017,1.068,0.3
Smad2,"Tbox:Smad(T-box,MAD)/ESCd5-Smad2_3-ChIP-Seq(GSE29422)/Homer",,F304_2.00,TS12_2.00,M05743_2.00,MS62_2.00,ENSMUSG00000024563,Homo_sapiens,D,SMAD,MH1,1,,,,,,,,,,,,,,,,,,,,,,
Trps1,TRPS1(Zf)/MCF7-TRPS1-ChIP-Seq(GSE107013)/Homer,,F135_2.00,NA,NA,NA,ENSMUSG00000038679,NA,,C2H2 ZF,zf-C2H2,,,,,,,,,,,,,,,,,,,,,,,
Ep300,Unknown(Homeobox)/Limb-p300-ChIP-Seq/Homer,,F135_2.00,NA,NA,NA,ENSMUSG00000055024,NA,,C2H2 ZF,zf-C2H2,,,,,,,,,,,,,,,,,,,,,,,
Zeb2,ZEB2(Zf)/SNU398-ZEB2-ChIP-Seq(GSE103048)/Homer,,F116_2.00,,,,ENSMUSG00000026872,Homo_sapiens,,"C2H2 ZF,Homeodomain","zf-C2H2,Homeobox",2,0.7,GM12878_ZEB1_HudsonAlpha,ChIP-seq,ENCODE,ChIP-seq,Gerstein,2012,22955619,11-Jan,SequenceIdentity,TRUE,Ensembl,http://www.ensembl.org/,2018,Dec,8,M07842_2.00,8,7.971,9.593,6.562,1
Zfp809,Zfp809(Zf)/ES-Zfp809-ChIP-Seq(GSE70799)/Homer,,F135_2.00,NA,NA,NA,ENSMUSG00000057982,NA,NA,C2H2 ZF,zf-C2H2,,,,,,,,,,,,,,,,,,,,,,,
ZNF143,ZNF143|STAF(Zf)/CUTLL-ZNF143-ChIP-Seq(GSE29600)/Homer,T095041_2.00,F135_2.00,TS12_2.00,M02899_2.00,MS33_2.00,ENSG00000166478,Homo_sapiens,D,C2H2 ZF,zf-C2H2,1,0.755454496,ZNF143_1,SELEX,Jolma2013,SELEX,Jolma,2013,23332764,13-Jan,SimilarityRegression,FALSE,Ensembl,http://www.ensembl.org/,2018,Dec,8,M02899_2.00,16,14.838,18.099,12.899,0.93
ZNF165,ZNF165(Zf)/WHIM12-ZNF165-ChIP-Seq(GSE65937)/Homer,NA,F135_2.00,NA,NA,NA,ENSG00000197279 ,Homo_sapiens,NA,C2H2 ZF,zf-C2H2,NA,NA,NA,NA,NA,NA,NA,NA,NA,NA,NA,NA,NA,NA,NA,NA,NA,NA,NA,NA,NA,NA,NA
Zfp652,ZNF652/HepG2-ZNF652.Flag-ChIP-Seq(Encode)/Homer,T101498_2.00,F135_2.00,TS12_2.00,M02938_2.00,MS33_2.00,ENSMUSG00000075595,Mus_musculus,D,C2H2 ZF,zf-C2H2,1,0.755454496,Zfp652_1,SELEX,Jolma2013,SELEX,Jolma,2013,23332764,13-Jan,SimilarityRegression,FALSE,Ensembl,http://www.ensembl.org/,2018,Dec,8,M02938_2.00,13,12.12,14.402,10.109,0.93
EBNA-1,EBNA1(EBV-virus)/Raji-EBNA1-ChIP-Seq(GSE30709)/Homer,,,,,,,Virus,,,,,,,,,,,,,,,,,,,,,,,,,,
TFAP2C,AP-2gamma(AP2)/MCF7-TFAP2C-ChIP-Seq(GSE21234)/Homer,T010822_2.00,F024_2.00,TS12_2.00,M02761_2.00,MS33_2.00,ENSG00000087510,Homo_sapiens,D,AP-2,TF_AP-2,1,0.7,TFAP2C_6,SELEX,Jolma2013,SELEX,Jolma,2013,23332764,13-Jan,SequenceIdentity,TRUE,Ensembl,http://www.ensembl.org/,2018,Dec,8,M02761_2.00,11,6.372,10.409,4.261,0.58
TFAP2A,AP-2alpha(AP2)/Hela-AP2alpha-ChIP-Seq(GSE31477)/Homer,T010824_2.00,F024_2.00,TS12_2.00,M02767_2.00,MS33_2.00,ENSG00000137203,Homo_sapiens,D,AP-2,TF_AP-2,1,0.7,TFAP2A_6,SELEX,Jolma2013,SELEX,Jolma,2013,23332764,13-Jan,SequenceIdentity,TRUE,Ensembl,http://www.ensembl.org/,2018,Dec,8,M02767_2.00,13,9.423,13.198,7.523,0.72
TFE3,TFE3(bHLH)/MEF-TFE3-ChIP-Seq(GSE75757)/Homer,T034247_2.00,F082_2.00,TS12_2.00,M04058_2.00,MS62_2.00,ENSG00000068323,Homo_sapiens,D,bHLH,HLH,1,0.837833808,TFE3_eDBD_HT-SELEX,SELEX,Yin2017,SELEX,Yin,2017,28473536,17-Apr,SimilarityRegression,FALSE,Ensembl,http://www.ensembl.org/,2018,Dec,8,M04058_2.00,11,9.542,11.815,7.812,0.87
MNT,MNT(bHLH)/HepG2-MNT-ChIP-Seq(Encode)/Homer,T034249_2.00,F082_2.00,TS12_2.00,M02774_2.00,MS33_2.00,ENSG00000070444,Homo_sapiens,D,bHLH,HLH,1,0.837833808,MNT_1,SELEX,Jolma2013,SELEX,Jolma,2013,23332764,13-Jan,SimilarityRegression,FALSE,Ensembl,http://www.ensembl.org/,2018,Dec,8,M02774_2.00,10,7.483,9.671,5.082,0.75
TCF3,E2A(bHLH)/proBcell-E2A-ChIP-Seq(GSE21978)/Homer,T034250_2.00,F082_2.00,TS12_2.00,M09794_2.00,MS59_2.00,ENSG00000071564,Homo_sapiens,D,bHLH,HLH,1,0.837833808,V$E47_01,Transfac,Transfac,Transfac,Matys,2006,16381825,7,SimilarityRegression,FALSE,Ensembl,http://www.ensembl.org/,2018,Dec,8,M09794_2.00,15,10.067,13.484,8.409,0.67
TCF3,"E2A(bHLH),near_PU.1/Bcell-PU.1-ChIP-Seq(GSE21512)/Homer",T034250_2.00,F082_2.00,TS12_2.00,M09794_2.00,MS59_2.00,ENSG00000071564,Homo_sapiens,D,bHLH,HLH,1,0.837833808,V$E47_01,Transfac,Transfac,Transfac,Matys,2006,16381825,7,SimilarityRegression,FALSE,Ensembl,http://www.ensembl.org/,2018,Dec,8,M09794_2.00,15,10.067,13.484,8.409,0.67
HIF1A,HIF-1a(bHLH)/MCF7-HIF1a-ChIP-Seq(GSE28352)/Homer,T034254_2.00,F082_2.00,TS12_2.00,M09454_2.00,MS28_2.00,ENSG00000100644,Homo_sapiens,D,bHLH,HLH,1,0.837833808,MCF7-HIF1a_GSE28352,Misc,HOMER,Misc,Heinz,2010,20513432,16-Jan,SimilarityRegression,FALSE,Ensembl,http://www.ensembl.org/,2018,Dec,8,M09454_2.00,8,6.141,8.464,4.182,0.77
EPAS1,HIF2a(bHLH)/785_O-HIF2a-ChIP-Seq(GSE34871)/Homer,T034267_2.00,F082_2.00,TS12_2.00,M09455_2.00,MS28_2.00,ENSG00000116016,Homo_sapiens,D,bHLH,HLH,1,0.837833808,785_O-HIF2a_GSE34871,Misc,HOMER,Misc,Heinz,2010,20513432,16-Jan,SimilarityRegression,FALSE,Ensembl,http://www.ensembl.org/,2018,Dec,8,M09455_2.00,10,7.342,9.952,5.291,0.73
TWIST1,Twist(bHLH)/HMLE-TWIST1-ChIP-Seq(Chang_et_al)/Homer,T034273_2.00,F082_2.00,TS12_2.00,M08052_2.00,MS31_2.00,ENSG00000122691,Homo_sapiens,D,bHLH,HLH,1,0.837833808,MA1123.1,ChIP-seq,JASPAR,JASPAR,Mathelier,2014,24194598,14-Aug,SimilarityRegression,FALSE,Ensembl,http://www.ensembl.org/,2018,Dec,8,M08052_2.00,13,7.767,11.007,5.562,0.6
ARNTL,BMAL1(bHLH)/Liver-Bmal1-ChIP-Seq(GSE39860)/Homer,T034285_2.00,F082_2.00,TS12_2.00,M04125_2.00,MS62_2.00,ENSG00000133794,Homo_sapiens,D,bHLH,HLH,1,0.837833808,ARNTL_eDBD_Methyl-HT-SELEX,SELEX,Yin2017,SELEX,Yin,2017,28473536,17-Apr,SimilarityRegression,FALSE,Ensembl,http://www.ensembl.org/,2018,Dec,8,M04125_2.00,10,6.168,9.309,4.029,0.62
BHLHE40,bHLHE40(bHLH)/HepG2-BHLHE40-ChIP-Seq(GSE31477)/Homer,T034286_2.00,F082_2.00,TS12_2.00,M09456_2.00,MS28_2.00,ENSG00000134107,Homo_sapiens,D,bHLH,HLH,1,0.837833808,HepG2-BHLHE40_GSE31477,Misc,HOMER,Misc,Heinz,2010,20513432,16-Jan,SimilarityRegression,FALSE,Ensembl,http://www.ensembl.org/,2018,Dec,8,M09456_2.00,10,7.933,9.835,5.981,0.79
CLOCK,CLOCK(bHLH)/Liver-Clock-ChIP-Seq(GSE39860)/Homer,T034288_2.00,F082_2.00,TS12_2.00,M02789_2.00,MS33_2.00,ENSG00000134852,Homo_sapiens,D,bHLH,HLH,1,0.837833808,CLOCK_1,SELEX,Jolma2013,SELEX,Jolma,2013,23332764,13-Jan,SimilarityRegression,FALSE,Ensembl,http://www.ensembl.org/,2018,Dec,8,M02789_2.00,10,8.059,11.091,5.941,0.81
TCF12,HEB(bHLH)/mES-Heb-ChIP-Seq(GSE53233)/Homer,T034292_2.00,F082_2.00,TS12_2.00,M04138_2.00,MS62_2.00,ENSG00000140262,Homo_sapiens,D,bHLH,HLH,1,0.837833808,TCF12_eDBD_Methyl-HT-SELEX,SELEX,Yin2017,SELEX,Yin,2017,28473536,17-Apr,SimilarityRegression,FALSE,Ensembl,http://www.ensembl.org/,2018,Dec,8,M04138_2.00,8,6.784,8.572,4.868,0.85
USF1,USF1(bHLH)/GM12878-Usf1-ChIP-Seq(GSE32465)/Homer,T034299_2.00,F082_2.00,TS12_2.00,M02792_2.00,MS33_2.00,ENSG00000158773,Homo_sapiens,D,bHLH,HLH,1,0.837833808,USF1_1,SELEX,Jolma2013,SELEX,Jolma,2013,23332764,13-Jan,SimilarityRegression,FALSE,Ensembl,http://www.ensembl.org/,2018,Dec,8,M02792_2.00,10,8.217,10.499,6.431,0.82
TAL1,SCL(bHLH)/HPC7-Scl-ChIP-Seq(GSE13511)/Homer,T034301_2.00,F082_2.00,TS12_2.00,M08734_2.00,MS27_2.00,ENSG00000162367,Homo_sapiens,D,bHLH,HLH,1,0.837833808,TAL1_HUMAN.H11MO.0.A,Misc,HocoMoco,Misc,Kulakovskiy,2013,23175603,14-Jul,SimilarityRegression,FALSE,Ensembl,http://www.ensembl.org/,2018,Dec,8,M08734_2.00,19,8.765,15.249,6.607,0.46
TAL1,"GATA:SCL(Zf,bHLH)/Ter119-SCL-ChIP-Seq(GSE18720)/Homer",T034301_2.00,F082_2.00,TS12_2.00,M08734_2.00,MS27_2.00,ENSG00000162367,Homo_sapiens,D,bHLH,HLH,1,0.837833808,TAL1_HUMAN.H11MO.0.A,Misc,HocoMoco,Misc,Kulakovskiy,2013,23175603,14-Jul,SimilarityRegression,FALSE,Ensembl,http://www.ensembl.org/,2018,Dec,8,M08734_2.00,19,8.765,15.249,6.607,0.46
HAND2,Hand2(bHLH)/Mesoderm-Hand2-ChIP-Seq(GSE61475)/Homer,T034305_2.00,F082_2.00,TS12_2.00,M04151_2.00,MS62_2.00,ENSG00000164107,Homo_sapiens,D,bHLH,HLH,1,0.837833808,HAND2_eDBD_Methyl-HT-SELEX,SELEX,Yin2017,SELEX,Yin,2017,28473536,17-Apr,SimilarityRegression,FALSE,Ensembl,http://www.ensembl.org/,2018,Dec,8,M04151_2.00,10,9.01,11.532,6.981,0.9
NPAS2,NPAS2(bHLH)/Liver-NPAS2-ChIP-Seq(GSE39860)/Homer,T034312_2.00,F082_2.00,TS12_2.00,M04158_2.00,MS62_2.00,ENSG00000170485,Homo_sapiens,D,bHLH,HLH,1,0.837833808,NPAS2_eDBD_HT-SELEX,SELEX,Yin2017,SELEX,Yin,2017,28473536,17-Apr,SimilarityRegression,FALSE,Ensembl,http://www.ensembl.org/,2018,Dec,8,M04158_2.00,10,9.186,10.509,7.687,0.92
NPAS2,NPAS(bHLH)/Liver-NPAS-ChIP-Seq(GSE39860)/Homer,T034312_2.00,F082_2.00,TS12_2.00,M04159_2.00,MS62_2.00,ENSG00000170485,Homo_sapiens,D,bHLH,HLH,1,0.837833808,NPAS2_eDBD_Methyl-HT-SELEX,SELEX,Yin2017,SELEX,Yin,2017,28473536,17-Apr,SimilarityRegression,FALSE,Ensembl,http://www.ensembl.org/,2018,Dec,8,M04159_2.00,10,6.895,9.35,4.984,0.69
BHLHA15,BHLHA15(bHLH)/NIH3T3-BHLHB8.HA-ChIP-Seq(GSE119782)/Homer,T034328_2.00,F082_2.00,TS12_2.00,M04195_2.00,MS62_2.00,ENSG00000180535,Homo_sapiens,D,bHLH,HLH,1,0.837833808,BHLHA15_eDBD_HT-SELEX_1,SELEX,Yin2017,SELEX,Yin,2017,28473536,17-Apr,SimilarityRegression,FALSE,Ensembl,http://www.ensembl.org/,2018,Dec,8,M04195_2.00,10,6.541,9.605,4.436,0.65
MITF,MITF(bHLH)/MastCells-MITF-ChIP-Seq(GSE48085)/Homer,T034335_2.00,F082_2.00,TS12_2.00,M08058_2.00,MS31_2.00,ENSG00000187098,Homo_sapiens,D,bHLH,HLH,1,0.837833808,MA0620.2,ChIP-seq,JASPAR,JASPAR,Mathelier,2014,24194598,14-Aug,SimilarityRegression,FALSE,Ensembl,http://www.ensembl.org/,2018,Dec,8,M08058_2.00,18,9.744,14.636,7.514,0.54
TCF4,TCF4(bHLH)/SHSY5Y-TCF4-ChIP-Seq(GSE96915)/Homer,T034340_2.00,F082_2.00,TS12_2.00,M02728_2.00,MS32_2.00,ENSG00000196628,Homo_sapiens,D,bHLH,HLH,1,0.837833808,TCF4_dimer,SELEX,Jolma2010,SELEX,Jolma,2010,20378718,NULL,SimilarityRegression,FALSE,Ensembl,http://www.ensembl.org/,2018,Dec,8,M02728_2.00,7,7.403,8.683,5.367,1.06
Myf5,Myf5(bHLH)/GM-Myf5-ChIP-Seq(GSE24852)/Homer,T035655_2.00,F082_2.00,TS12_2.00,M09463_2.00,MS28_2.00,ENSMUSG00000000435,Mus_musculus,D,bHLH,HLH,1,0.837833808,GM-Myf5_GSE24852,Misc,HOMER,Misc,Heinz,2010,20513432,16-Jan,SimilarityRegression,FALSE,Ensembl,http://www.ensembl.org/,2018,Dec,8,M09463_2.00,10,8.48,11.096,6.473,0.85
Tfap4,Ap4(bHLH)/AML-Tfap4-ChIP-Seq(GSE45738)/Homer,T035660_2.00,F082_2.00,TS12_2.00,M01717_2.00,MS64_2.00,ENSMUSG00000005718,Mus_musculus,D,bHLH,HLH,1,0.837833808,pTH5067,PBM,Zoo_01,PBM,Weirauch,2014,25215497,NULL,SimilarityRegression,FALSE,Ensembl,http://www.ensembl.org/,2018,Dec,8,M01717_2.00,9,4.337,7.655,2.338,0.48
TWIST2,Twist2(bHLH)/Myoblast-Twist2.Ty1-ChIP-Seq(GSE127998)/Homer,T035663_2.00,F082_2.00,TS12_2.00,M01718_2.00,MS64_2.00,ENSMUSG00000007805,Mus_musculus,D,bHLH,HLH,1,0.837833808,pTH5033,PBM,Zoo_01,PBM,Weirauch,2014,25215497,NULL,SimilarityRegression,FALSE,Ensembl,http://www.ensembl.org/,2018,Dec,8,M01718_2.00,10,7.961,10.274,6.268,0.8
Ascl2,Ascl2(bHLH)/ESC-Ascl2-ChIP-Seq(GSE97712)/Homer,T035664_2.00,F082_2.00,TS12_2.00,M02814_2.00,MS33_2.00,ENSMUSG00000009248,Mus_musculus,D,bHLH,HLH,1,0.837833808,Ascl2_1,SELEX,Jolma2013,SELEX,Jolma,2013,23332764,13-Jan,SimilarityRegression,FALSE,Ensembl,http://www.ensembl.org/,2018,Dec,8,M02814_2.00,10,8.661,11.406,6.7,0.87
Myod1,MyoD(bHLH)/Myotube-MyoD-ChIP-Seq(GSE21614)/Homer,T035665_2.00,F082_2.00,TS12_2.00,M08745_2.00,MS27_2.00,ENSMUSG00000009471,Mus_musculus,D,bHLH,HLH,1,0.837833808,MYOD1_MOUSE.H11MO.0.A,Misc,HocoMoco,Misc,Kulakovskiy,2013,23175603,14-Jul,SimilarityRegression,FALSE,Ensembl,http://www.ensembl.org/,2018,Dec,8,M08745_2.00,15,9.209,13.549,7.341,0.61
Arnt,Arnt:Ahr(bHLH)/MCF7-Arnt-ChIP-Seq(Lo_et_al.)/Homer,T035666_2.00,F082_2.00,TS12_2.00,M08746_2.00,MS27_2.00,ENSMUSG00000015522,Mus_musculus,D,bHLH,HLH,1,0.837833808,ARNT_MOUSE.H11MO.0.B,Misc,HocoMoco,Misc,Kulakovskiy,2013,23175603,14-Jul,SimilarityRegression,FALSE,Ensembl,http://www.ensembl.org/,2018,Dec,8,M08746_2.00,8,6.712,8.281,5.203,0.84
Ahr,Arnt:Ahr(bHLH)/MCF7-Arnt-ChIP-Seq(Lo_et_al.)/Homer,T035669_2.00,F082_2.00,TS12_2.00,M08747_2.00,MS27_2.00,ENSMUSG00000019256,Mus_musculus,D,bHLH,HLH,1,0.837833808,AHR_MOUSE.H11MO.0.B,Misc,HocoMoco,Misc,Kulakovskiy,2013,23175603,14-Jul,SimilarityRegression,FALSE,Ensembl,http://www.ensembl.org/,2018,Dec,8,M08747_2.00,9,6.742,9.168,4.455,0.75
Ascl1,Ascl1(bHLH)/NeuralTubes-Ascl1-ChIP-Seq(GSE55840)/Homer,T035672_2.00,F082_2.00,TS12_2.00,M09464_2.00,MS28_2.00,ENSMUSG00000020052,Mus_musculus,D,bHLH,HLH,1,0.837833808,NeuralTubes-Ascl1_GSE55840,Misc,HOMER,Misc,Heinz,2010,20513432,16-Jan,SimilarityRegression,FALSE,Ensembl,http://www.ensembl.org/,2018,Dec,8,M09464_2.00,12,4.444,7.88,2.367,0.37
Tcf3,Tcf3(HMG)/mES-Tcf3-ChIP-Seq(GSE11724)/Homer,T035673_2.00,F082_2.00,TS12_2.00,M00118_2.00,MS02_2.00,ENSMUSG00000020167,Mus_musculus,D,bHLH,HLH,1,0.837833808,Tcfe2a_3865,PBM,Badis09,PBM,Badis,2009,19443739,NULL,SimilarityRegression,FALSE,Ensembl,http://www.ensembl.org/,2018,Dec,8,M00118_2.00,8,6.313,8.024,4.082,0.79
Srebf1,Srebp1a(bHLH)/HepG2-Srebp1a-ChIP-Seq(GSE31477)/Homer,T035674_2.00,F082_2.00,TS12_2.00,M08749_2.00,MS27_2.00,ENSMUSG00000020538,Mus_musculus,D,bHLH,HLH,1,0.837833808,SRBP1_MOUSE.H11MO.0.B,Misc,HocoMoco,Misc,Kulakovskiy,2013,23175603,14-Jul,SimilarityRegression,FALSE,Ensembl,http://www.ensembl.org/,2018,Dec,8,M08749_2.00,11,5.859,10.428,3.705,0.53
Myc,c-Myc(bHLH)/LNCAP-cMyc-ChIP-Seq(Unpublished)/Homer,T035680_2.00,F082_2.00,TS12_2.00,M08751_2.00,MS27_2.00,ENSMUSG00000022346,Mus_musculus,D,bHLH,HLH,1,0.837833808,MYC_MOUSE.H11MO.0.A,Misc,HocoMoco,Misc,Kulakovskiy,2013,23175603,14-Jul,SimilarityRegression,FALSE,Ensembl,http://www.ensembl.org/,2018,Dec,8,M08751_2.00,12,7.062,11.838,4.888,0.59
Myc,c-Myc(bHLH)/mES-cMyc-ChIP-Seq(GSE11431)/Homer,T035680_2.00,F082_2.00,TS12_2.00,M08751_2.00,MS27_2.00,ENSMUSG00000022346,Mus_musculus,D,bHLH,HLH,1,0.837833808,MYC_MOUSE.H11MO.0.A,Misc,HocoMoco,Misc,Kulakovskiy,2013,23175603,14-Jul,SimilarityRegression,FALSE,Ensembl,http://www.ensembl.org/,2018,Dec,8,M08751_2.00,12,7.062,11.838,4.888,0.59
Srebf2,Srebp2(bHLH)/HepG2-Srebp2-ChIP-Seq(GSE31477)/Homer,T035681_2.00,F082_2.00,TS12_2.00,M01725_2.00,MS64_2.00,ENSMUSG00000022463,Mus_musculus,D,bHLH,HLH,1,0.837833808,pTH4327,PBM,Zoo_01,PBM,Weirauch,2014,25215497,NULL,SimilarityRegression,FALSE,Ensembl,http://www.ensembl.org/,2018,Dec,8,M01725_2.00,8,7.874,9.647,6.43,0.98
Myog,MyoG(bHLH)/C2C12-MyoG-ChIP-Seq(GSE36024)/Homer,T035689_2.00,F082_2.00,TS12_2.00,M08061_2.00,MS31_2.00,ENSMUSG00000026459,Mus_musculus,D,bHLH,HLH,1,0.837833808,MA0500.1,ChIP-seq,JASPAR,JASPAR,Mathelier,2014,24194598,14-Aug,SimilarityRegression,FALSE,Ensembl,http://www.ensembl.org/,2018,Dec,8,M08061_2.00,11,8.757,10.667,7.125,0.8
Ptf1a,Ptf1a(bHLH)/Panc1-Ptf1a-ChIP-Seq(GSE47459)/Homer,T035691_2.00,F082_2.00,TS12_2.00,M08757_2.00,MS27_2.00,ENSMUSG00000026735,Mus_musculus,D,bHLH,HLH,1,0.837833808,PTF1A_MOUSE.H11MO.0.A,Misc,HocoMoco,Misc,Kulakovskiy,2013,23175603,14-Jul,SimilarityRegression,FALSE,Ensembl,http://www.ensembl.org/,2018,Dec,8,M08757_2.00,18,8.124,14.255,5.786,0.45
Neurog2,NeuroG2(bHLH)/Fibroblast-NeuroG2-ChIP-Seq(GSE75910)/Homer,T035693_2.00,F082_2.00,TS12_2.00,M08758_2.00,MS27_2.00,ENSMUSG00000027967,Mus_musculus,D,bHLH,HLH,1,0.837833808,NGN2_MOUSE.H11MO.0.C,Misc,HocoMoco,Misc,Kulakovskiy,2013,23175603,14-Jul,SimilarityRegression,FALSE,Ensembl,http://www.ensembl.org/,2018,Dec,8,M08758_2.00,12,8.583,11.891,6.558,0.72
Bhlhe41,bHLHE41(bHLH)/proB-Bhlhe41-ChIP-Seq(GSE93764)/Homer,T035703_2.00,F082_2.00,TS12_2.00,M01739_2.00,MS64_2.00,ENSMUSG00000030256,Mus_musculus,D,bHLH,HLH,1,0.837833808,pTH5060,PBM,Zoo_01,PBM,Weirauch,2014,25215497,NULL,SimilarityRegression,FALSE,Ensembl,http://www.ensembl.org/,2018,Dec,8,M01739_2.00,9,4.878,7.726,2.783,0.54
Tcf12,Tcf12(bHLH)/GM12878-Tcf12-ChIP-Seq(GSE32465)/Homer,T035706_2.00,F082_2.00,TS12_2.00,M08062_2.00,MS31_2.00,ENSMUSG00000032228,Mus_musculus,D,bHLH,HLH,1,0.837833808,MA0521.1,ChIP-seq,JASPAR,JASPAR,Mathelier,2014,24194598,14-Aug,SimilarityRegression,FALSE,Ensembl,http://www.ensembl.org/,2018,Dec,8,M08062_2.00,11,8.817,10.875,7.137,0.8
Neurod1,NeuroD1(bHLH)/Islet-NeuroD1-ChIP-Seq(GSE30298)/Homer,T035710_2.00,F082_2.00,TS12_2.00,M09474_2.00,MS28_2.00,ENSMUSG00000034701,Mus_musculus,D,bHLH,HLH,1,0.837833808,Islet-NeuroD1_GSE30298,Misc,HOMER,Misc,Heinz,2010,20513432,16-Jan,SimilarityRegression,FALSE,Ensembl,http://www.ensembl.org/,2018,Dec,8,M09474_2.00,10,8.531,11.227,6.434,0.85
Mycn,n-Myc(bHLH)/mES-nMyc-ChIP-Seq(GSE11431)/Homer,T035716_2.00,F082_2.00,TS12_2.00,M09476_2.00,MS28_2.00,ENSMUSG00000037169,Mus_musculus,D,bHLH,HLH,1,0.837833808,mES-nMyc_GSE11431,Misc,HOMER,Misc,Heinz,2010,20513432,16-Jan,SimilarityRegression,FALSE,Ensembl,http://www.ensembl.org/,2018,Dec,8,M09476_2.00,10,8.137,10.527,6.135,0.81
Olig2,Olig2(bHLH)/Neuron-Olig2-ChIP-Seq(GSE30882)/Homer,T035725_2.00,F082_2.00,TS12_2.00,M09477_2.00,MS28_2.00,ENSMUSG00000039830,Mus_musculus,D,bHLH,HLH,1,0.837833808,Neuron-Olig2_GSE30882,Misc,HOMER,Misc,Heinz,2010,20513432,16-Jan,SimilarityRegression,FALSE,Ensembl,http://www.ensembl.org/,2018,Dec,8,M09477_2.00,10,5.877,9.258,3.849,0.59
Tcf21,Tcf21(bHLH)/ArterySmoothMuscle-Tcf21-ChIP-Seq(GSE61369)/Homer,T035733_2.00,F082_2.00,TS12_2.00,M02819_2.00,MS33_2.00,ENSMUSG00000045680,Mus_musculus,D,bHLH,HLH,1,0.837833808,Tcf21_1,SELEX,Jolma2013,SELEX,Jolma,2013,23332764,13-Jan,SimilarityRegression,FALSE,Ensembl,http://www.ensembl.org/,2018,Dec,8,M02819_2.00,14,12.143,15.28,10.177,0.87
Usf2,Usf2(bHLH)/C2C12-Usf2-ChIP-Seq(GSE36030)/Homer,T035747_2.00,F082_2.00,TS12_2.00,M08777_2.00,MS27_2.00,ENSMUSG00000058239,Mus_musculus,D,bHLH,HLH,1,0.837833808,USF2_MOUSE.H11MO.0.A,Misc,HocoMoco,Misc,Kulakovskiy,2013,23175603,14-Jul,SimilarityRegression,FALSE,Ensembl,http://www.ensembl.org/,2018,Dec,8,M08777_2.00,19,10.486,15.972,8.333,0.55
Max,Max(bHLH)/K562-Max-ChIP-Seq(GSE31477)/Homer,T035748_2.00,F082_2.00,TS12_2.00,M08778_2.00,MS27_2.00,ENSMUSG00000059436,Mus_musculus,D,bHLH,HLH,1,0.837833808,MAX_MOUSE.H11MO.0.A,Misc,HocoMoco,Misc,Kulakovskiy,2013,23175603,14-Jul,SimilarityRegression,FALSE,Ensembl,http://www.ensembl.org/,2018,Dec,8,M08778_2.00,11,7.271,10.912,5.11,0.66
Atoh1,Atoh1(bHLH)/Cerebellum-Atoh1-ChIP-Seq(GSE22111)/Homer,T035754_2.00,F082_2.00,TS12_2.00,M09480_2.00,MS28_2.00,ENSMUSG00000073043,Mus_musculus,D,bHLH,HLH,1,0.837833808,Cerebellum-Atoh1_GSE22111,Misc,HOMER,Misc,Heinz,2010,20513432,16-Jan,SimilarityRegression,FALSE,Ensembl,http://www.ensembl.org/,2018,Dec,8,M09480_2.00,12,8.328,10.282,6.417,0.69
FOSL2,"NFAT:AP1(RHD,bZIP)/Jurkat-NFATC1-ChIP-Seq(Jolma_et_al.)/Homer",T059721_2.00,F091_2.00,TS12_2.00,M05834_2.00,MS30_2.00,ENSG00000075426,Homo_sapiens,D,bZIP,bZIP_1,1,0.781756187,FOSL2_secondary,SMiLE-seq,Isakova2017,SMiLE-seq,Isakova,2017,28092692,17-Apr,SimilarityRegression,FALSE,Ensembl,http://www.ensembl.org/,2018,Dec,8,M05834_2.00,10,6.908,11.163,4.664,0.69
FOSL2,AP-1(bZIP)/ThioMac-PU.1-ChIP-Seq(GSE21512)/Homer,T059721_2.00,F091_2.00,TS12_2.00,M05834_2.00,MS30_2.00,ENSG00000075426,Homo_sapiens,D,bZIP,bZIP_1,1,0.781756187,FOSL2_secondary,SMiLE-seq,Isakova2017,SMiLE-seq,Isakova,2017,28092692,17-Apr,SimilarityRegression,FALSE,Ensembl,http://www.ensembl.org/,2018,Dec,8,M05834_2.00,10,6.908,11.163,4.664,0.69
HLF,HLF(bZIP)/HSC-HLF.Flag-ChIP-Seq(GSE69817)/Homer,T059728_2.00,F091_2.00,TS12_2.00,M04246_2.00,MS62_2.00,ENSG00000108924,Homo_sapiens,D,bZIP,bZIP_1,1,0.781756187,HLF_FL_Methyl-HT-SELEX,SELEX,Yin2017,SELEX,Yin,2017,28473536,17-Apr,SimilarityRegression,FALSE,Ensembl,http://www.ensembl.org/,2018,Dec,8,M04246_2.00,12,6.846,11.011,4.68,0.57
NFE2L2,NFE2L2(bZIP)/HepG2-NFE2L2-ChIP-Seq(Encode)/Homer,T059732_2.00,F091_2.00,TS12_2.00,M08789_2.00,MS27_2.00,ENSG00000116044,Homo_sapiens,D,bZIP,bZIP_1,1,0.781756187,NF2L2_HUMAN.H11MO.0.A,Misc,HocoMoco,Misc,Kulakovskiy,2013,23175603,14-Jul,SimilarityRegression,FALSE,Ensembl,http://www.ensembl.org/,2018,Dec,8,M08789_2.00,14,11.707,15.703,9.551,0.84
NFE2,NF-E2(bZIP)/K562-NFE2-ChIP-Seq(GSE31477)/Homer,T059736_2.00,F091_2.00,TS12_2.00,M04266_2.00,MS62_2.00,ENSG00000123405,Homo_sapiens,D,bZIP,bZIP_1,1,0.781756187,NFE2_eDBD_HT-SELEX,SELEX,Yin2017,SELEX,Yin,2017,28473536,17-Apr,SimilarityRegression,FALSE,Ensembl,http://www.ensembl.org/,2018,Dec,8,M04266_2.00,11,10.149,11.699,8.147,0.92
FOSB,"NFAT:AP1(RHD,bZIP)/Jurkat-NFATC1-ChIP-Seq(Jolma_et_al.)/Homer",T059738_2.00,F091_2.00,TS12_2.00,M04272_2.00,MS62_2.00,ENSG00000125740,Homo_sapiens,D,bZIP,bZIP_1,1,0.781756187,FOSB_eDBD_HT-SELEX,SELEX,Yin2017,SELEX,Yin,2017,28473536,17-Apr,SimilarityRegression,FALSE,Ensembl,http://www.ensembl.org/,2018,Dec,8,M04272_2.00,12,10.365,13.831,8.333,0.86
FOSB,AP-1(bZIP)/ThioMac-PU.1-ChIP-Seq(GSE21512)/Homer,T059738_2.00,F091_2.00,TS12_2.00,M04272_2.00,MS62_2.00,ENSG00000125740,Homo_sapiens,D,bZIP,bZIP_1,1,0.781756187,FOSB_eDBD_HT-SELEX,SELEX,Yin2017,SELEX,Yin,2017,28473536,17-Apr,SimilarityRegression,FALSE,Ensembl,http://www.ensembl.org/,2018,Dec,8,M04272_2.00,12,10.365,13.831,8.333,0.86
JUND,AP-1(bZIP)/ThioMac-PU.1-ChIP-Seq(GSE21512)/Homer,T059741_2.00,F091_2.00,TS12_2.00,M04281_2.00,MS62_2.00,ENSG00000130522,Homo_sapiens,D,bZIP,bZIP_1,1,0.781756187,JUND_eDBD_HT-SELEX_1,SELEX,Yin2017,SELEX,Yin,2017,28473536,17-Apr,SimilarityRegression,FALSE,Ensembl,http://www.ensembl.org/,2018,Dec,8,M04281_2.00,11,6.526,10.652,4.321,0.59
JUND,"NFAT:AP1(RHD,bZIP)/Jurkat-NFATC1-ChIP-Seq(Jolma_et_al.)/Homer",T059741_2.00,F091_2.00,TS12_2.00,M04281_2.00,MS62_2.00,ENSG00000130522,Homo_sapiens,D,bZIP,bZIP_1,1,0.781756187,JUND_eDBD_HT-SELEX_1,SELEX,Yin2017,SELEX,Yin,2017,28473536,17-Apr,SimilarityRegression,FALSE,Ensembl,http://www.ensembl.org/,2018,Dec,8,M04281_2.00,11,6.526,10.652,4.321,0.59
CREB5,CREB5(bZIP)/LNCaP-CREB5.V5-ChIP-Seq(GSE137775)/Homer,T059745_2.00,F091_2.00,TS12_2.00,M04301_2.00,MS62_2.00,ENSG00000146592,Homo_sapiens,D,bZIP,bZIP_1,1,0.781756187,CREB5_FL_HT-SELEX,SELEX,Yin2017,SELEX,Yin,2017,28473536,17-Apr,SimilarityRegression,FALSE,Ensembl,http://www.ensembl.org/,2018,Dec,8,M04301_2.00,12,9.643,12.082,7.776,0.8
BATF,BATF(bZIP)/Th17-BATF-ChIP-Seq(GSE39756)/Homer,T059747_2.00,F091_2.00,TS12_2.00,M04307_2.00,MS62_2.00,ENSG00000156127,Homo_sapiens,D,bZIP,bZIP_1,1,0.781756187,BATF_FL_HT-SELEX,SELEX,Yin2017,SELEX,Yin,2017,28473536,17-Apr,SimilarityRegression,FALSE,Ensembl,http://www.ensembl.org/,2018,Dec,8,M04307_2.00,10,4.732,8.747,2.713,0.47
BATF,IRF:BATF(IRF:bZIP)/pDC-Irf8-ChIP-Seq(GSE66899)/Homer,T059747_2.00,F091_2.00,TS12_2.00,M04307_2.00,MS62_2.00,ENSG00000156127,Homo_sapiens,D,bZIP,bZIP_1,1,0.781756187,BATF_FL_HT-SELEX,SELEX,Yin2017,SELEX,Yin,2017,28473536,17-Apr,SimilarityRegression,FALSE,Ensembl,http://www.ensembl.org/,2018,Dec,8,M04307_2.00,10,4.732,8.747,2.713,0.47
NFIL3,NFIL3(bZIP)/HepG2-NFIL3-ChIP-Seq(Encode)/Homer,T059751_2.00,F091_2.00,TS12_2.00,M04034_2.00,MS50_2.00,ENSG00000165030,Homo_sapiens,D,bZIP,bZIP_1,1,0.781756187,NFIL3.1,SELEX,RodriguezMartinez2017,SELEX,Rodriguez-Martinez,2017,28186491,18-Mar,SimilarityRegression,FALSE,Ensembl,http://www.ensembl.org/,2018,Dec,8,M04034_2.00,10,6.539,10.383,4.334,0.65
FOS,"NFAT:AP1(RHD,bZIP)/Jurkat-NFATC1-ChIP-Seq(Jolma_et_al.)/Homer",T059755_2.00,F091_2.00,TS12_2.00,M04327_2.00,MS62_2.00,ENSG00000170345,Homo_sapiens,D,bZIP,bZIP_1,1,0.781756187,FOS_eDBD_HT-SELEX,SELEX,Yin2017,SELEX,Yin,2017,28473536,17-Apr,SimilarityRegression,FALSE,Ensembl,http://www.ensembl.org/,2018,Dec,8,M04327_2.00,12,10.624,14.342,8.459,0.89
FOS,AP-1(bZIP)/ThioMac-PU.1-ChIP-Seq(GSE21512)/Homer,T059755_2.00,F091_2.00,TS12_2.00,M04327_2.00,MS62_2.00,ENSG00000170345,Homo_sapiens,D,bZIP,bZIP_1,1,0.781756187,FOS_eDBD_HT-SELEX,SELEX,Yin2017,SELEX,Yin,2017,28473536,17-Apr,SimilarityRegression,FALSE,Ensembl,http://www.ensembl.org/,2018,Dec,8,M04327_2.00,12,10.624,14.342,8.459,0.89
JUNB,"NFAT:AP1(RHD,bZIP)/Jurkat-NFATC1-ChIP-Seq(Jolma_et_al.)/Homer",T059756_2.00,F091_2.00,TS12_2.00,M04329_2.00,MS62_2.00,ENSG00000171223,Homo_sapiens,D,bZIP,bZIP_1,1,0.781756187,JUNB_eDBD_HT-SELEX,SELEX,Yin2017,SELEX,Yin,2017,28473536,17-Apr,SimilarityRegression,FALSE,Ensembl,http://www.ensembl.org/,2018,Dec,8,M04329_2.00,12,12.086,14.692,10.005,1.01
JUNB,AP-1(bZIP)/ThioMac-PU.1-ChIP-Seq(GSE21512)/Homer,T059756_2.00,F091_2.00,TS12_2.00,M04329_2.00,MS62_2.00,ENSG00000171223,Homo_sapiens,D,bZIP,bZIP_1,1,0.781756187,JUNB_eDBD_HT-SELEX,SELEX,Yin2017,SELEX,Yin,2017,28473536,17-Apr,SimilarityRegression,FALSE,Ensembl,http://www.ensembl.org/,2018,Dec,8,M04329_2.00,12,12.086,14.692,10.005,1.01
FOSL1,AP-1(bZIP)/ThioMac-PU.1-ChIP-Seq(GSE21512)/Homer,T059759_2.00,F091_2.00,TS12_2.00,M04035_2.00,MS50_2.00,ENSG00000175592,Homo_sapiens,D,bZIP,bZIP_1,1,0.781756187,FOSL1.1,SELEX,RodriguezMartinez2017,SELEX,Rodriguez-Martinez,2017,28186491,18-Mar,SimilarityRegression,FALSE,Ensembl,http://www.ensembl.org/,2018,Dec,8,M04035_2.00,10,10.515,12.736,8.425,1.05
FOSL1,"NFAT:AP1(RHD,bZIP)/Jurkat-NFATC1-ChIP-Seq(Jolma_et_al.)/Homer",T059759_2.00,F091_2.00,TS12_2.00,M04035_2.00,MS50_2.00,ENSG00000175592,Homo_sapiens,D,bZIP,bZIP_1,1,0.781756187,FOSL1.1,SELEX,RodriguezMartinez2017,SELEX,Rodriguez-Martinez,2017,28186491,18-Mar,SimilarityRegression,FALSE,Ensembl,http://www.ensembl.org/,2018,Dec,8,M04035_2.00,10,10.515,12.736,8.425,1.05
JUN,"NFAT:AP1(RHD,bZIP)/Jurkat-NFATC1-ChIP-Seq(Jolma_et_al.)/Homer",T059760_2.00,F091_2.00,TS12_2.00,M04037_2.00,MS50_2.00,ENSG00000177606,Homo_sapiens,D,bZIP,bZIP_1,1,0.781756187,JUN.1,SELEX,RodriguezMartinez2017,SELEX,Rodriguez-Martinez,2017,28186491,18-Mar,SimilarityRegression,FALSE,Ensembl,http://www.ensembl.org/,2018,Dec,8,M04037_2.00,9,7.281,9.982,5.261,0.81
JUN,AP-1(bZIP)/ThioMac-PU.1-ChIP-Seq(GSE21512)/Homer,T059760_2.00,F091_2.00,TS12_2.00,M04037_2.00,MS50_2.00,ENSG00000177606,Homo_sapiens,D,bZIP,bZIP_1,1,0.781756187,JUN.1,SELEX,RodriguezMartinez2017,SELEX,Rodriguez-Martinez,2017,28186491,18-Mar,SimilarityRegression,FALSE,Ensembl,http://www.ensembl.org/,2018,Dec,8,M04037_2.00,9,7.281,9.982,5.261,0.81
Nfe2l2,Nrf2(bZIP)/Lymphoblast-Nrf2-ChIP-Seq(GSE37589)/Homer,T060456_2.00,F091_2.00,TS12_2.00,M08816_2.00,MS27_2.00,ENSMUSG00000015839,Mus_musculus,D,bZIP,bZIP_1,1,0.781756187,NF2L2_MOUSE.H11MO.0.A,Misc,HocoMoco,Misc,Kulakovskiy,2013,23175603,14-Jul,SimilarityRegression,FALSE,Ensembl,http://www.ensembl.org/,2018,Dec,8,M08816_2.00,14,7.291,13.223,4.944,0.52
Mafk,MafK(bZIP)/C2C12-MafK-ChIP-Seq(GSE36030)/Homer,T060457_2.00,F091_2.00,TS12_2.00,M09491_2.00,MS28_2.00,ENSMUSG00000018143,Mus_musculus,D,bZIP,bZIP_1,1,0.781756187,C2C12-MafK_GSE36030,Misc,HOMER,Misc,Heinz,2010,20513432,16-Jan,SimilarityRegression,FALSE,Ensembl,http://www.ensembl.org/,2018,Dec,8,M09491_2.00,12,8.106,13.249,5.827,0.68
Xbp1,X-box(HTH)/NPC-H3K4me1-ChIP-Seq(GSE16256)/Homer,T060458_2.00,F091_2.00,TS12_2.00,M08818_2.00,MS27_2.00,ENSMUSG00000020484,Mus_musculus,D,bZIP,bZIP_1,1,0.781756187,XBP1_MOUSE.H11MO.0.C,Misc,HocoMoco,Misc,Kulakovskiy,2013,23175603,14-Jul,SimilarityRegression,FALSE,Ensembl,http://www.ensembl.org/,2018,Dec,8,M08818_2.00,12,10.15,12.696,8.302,0.85
Fos,Fos(bZIP)/TSC-Fos-ChIP-Seq(GSE110950)/Homer,T060459_2.00,F091_2.00,TS12_2.00,M08819_2.00,MS27_2.00,ENSMUSG00000021250,Mus_musculus,D,bZIP,bZIP_1,1,0.781756187,FOS_MOUSE.H11MO.0.A,Misc,HocoMoco,Misc,Kulakovskiy,2013,23175603,14-Jul,SimilarityRegression,FALSE,Ensembl,http://www.ensembl.org/,2018,Dec,8,M08819_2.00,12,9.998,12.42,7.609,0.83
Atf1,Atf1(bZIP)/K562-ATF1-ChIP-Seq(GSE31477)/Homer,T060461_2.00,F091_2.00,TS12_2.00,M01804_2.00,MS64_2.00,ENSMUSG00000023027,Mus_musculus,D,bZIP,bZIP_1,1,0.781756187,pTH5005,PBM,Zoo_01,PBM,Weirauch,2014,25215497,NULL,SimilarityRegression,FALSE,Ensembl,http://www.ensembl.org/,2018,Dec,8,M01804_2.00,8,7.035,9.133,5.361,0.88
Fosl1,Fra1(bZIP)/BT549-Fra1-ChIP-Seq(GSE46166)/Homer,T060462_2.00,F091_2.00,TS12_2.00,M08821_2.00,MS27_2.00,ENSMUSG00000024912,Mus_musculus,D,bZIP,bZIP_1,1,0.781756187,FOSL1_MOUSE.H11MO.0.A,Misc,HocoMoco,Misc,Kulakovskiy,2013,23175603,14-Jul,SimilarityRegression,FALSE,Ensembl,http://www.ensembl.org/,2018,Dec,8,M08821_2.00,12,9.353,11.762,7.296,0.78
Ddit3,Chop(bZIP)/MEF-Chop-ChIP-Seq(GSE35681)/Homer,T060463_2.00,F091_2.00,TS12_2.00,M09492_2.00,MS28_2.00,ENSMUSG00000025408,Mus_musculus,D,bZIP,bZIP_1,1,0.781756187,MEF-Chop_GSE35681,Misc,HOMER,Misc,Heinz,2010,20513432,16-Jan,SimilarityRegression,FALSE,Ensembl,http://www.ensembl.org/,2018,Dec,8,M09492_2.00,10,8.974,11.504,6.777,0.9
Bach1,Bach1(bZIP)/K562-Bach1-ChIP-Seq(GSE31477)/Homer,T060464_2.00,F091_2.00,TS12_2.00,M08823_2.00,MS27_2.00,ENSMUSG00000025612,Mus_musculus,D,bZIP,bZIP_1,1,0.781756187,BACH1_MOUSE.H11MO.0.C,Misc,HocoMoco,Misc,Kulakovskiy,2013,23175603,14-Jul,SimilarityRegression,FALSE,Ensembl,http://www.ensembl.org/,2018,Dec,8,M08823_2.00,14,13.74,16.697,12.057,0.98
Atf3,Atf3(bZIP)/GBM-ATF3-ChIP-Seq(GSE33912)/Homer,T060466_2.00,F091_2.00,TS12_2.00,M00758_2.00,MS17_2.00,ENSMUSG00000026628,Mus_musculus,D,bZIP,bZIP_1,1,0.781756187,pTH2684,PBM,DREAM_contest,PBM,Weirauch,2013,23354101,NULL,SimilarityRegression,FALSE,Ensembl,http://www.ensembl.org/,2018,Dec,8,M00758_2.00,9,3.482,7.081,1.521,0.39
Atf2,Atf2(bZIP)/3T3L1-Atf2-ChIP-Seq(GSE56872)/Homer,T060469_2.00,F091_2.00,TS12_2.00,M01808_2.00,MS64_2.00,ENSMUSG00000027104,Mus_musculus,D,bZIP,bZIP_1,1,0.781756187,pTH5083,PBM,Zoo_01,PBM,Weirauch,2014,25215497,NULL,SimilarityRegression,FALSE,Ensembl,http://www.ensembl.org/,2018,Dec,8,M01808_2.00,10,3.647,8.153,1.538,0.36
Fosl2,Fra2(bZIP)/Striatum-Fra2-ChIP-Seq(GSE43429)/Homer,T060473_2.00,F091_2.00,TS12_2.00,M08828_2.00,MS27_2.00,ENSMUSG00000029135,Mus_musculus,D,bZIP,bZIP_1,1,0.781756187,FOSL2_MOUSE.H11MO.0.A,Misc,HocoMoco,Misc,Kulakovskiy,2013,23175603,14-Jul,SimilarityRegression,FALSE,Ensembl,http://www.ensembl.org/,2018,Dec,8,M08828_2.00,11,8.894,11.336,6.609,0.81
Fosl2,Fosl2(bZIP)/3T3L1-Fosl2-ChIP-Seq(GSE56872)/Homer,T060473_2.00,F091_2.00,TS12_2.00,M08828_2.00,MS27_2.00,ENSMUSG00000029135,Mus_musculus,D,bZIP,bZIP_1,1,0.781756187,FOSL2_MOUSE.H11MO.0.A,Misc,HocoMoco,Misc,Kulakovskiy,2013,23175603,14-Jul,SimilarityRegression,FALSE,Ensembl,http://www.ensembl.org/,2018,Dec,8,M08828_2.00,11,8.894,11.336,6.609,0.81
Bach2,Bach2(bZIP)/OCILy7-Bach2-ChIP-Seq(GSE44420)/Homer,T060485_2.00,F091_2.00,TS12_2.00,M08832_2.00,MS27_2.00,ENSMUSG00000040270,Mus_musculus,D,bZIP,bZIP_1,1,0.781756187,BACH2_MOUSE.H11MO.0.A,Misc,HocoMoco,Misc,Kulakovskiy,2013,23175603,14-Jul,SimilarityRegression,FALSE,Ensembl,http://www.ensembl.org/,2018,Dec,8,M08832_2.00,11,8.454,12.436,6.274,0.77
Atf4,Atf4(bZIP)/MEF-Atf4-ChIP-Seq(GSE35681)/Homer,T060486_2.00,F091_2.00,TS12_2.00,M02865_2.00,MS33_2.00,ENSMUSG00000042406,Mus_musculus,D,bZIP,bZIP_1,1,0.781756187,Atf4_1,SELEX,Jolma2013,SELEX,Jolma,2013,23332764,13-Jan,SimilarityRegression,FALSE,Ensembl,http://www.ensembl.org/,2018,Dec,8,M02865_2.00,14,13.033,16.381,11.191,0.93
Maff,MafF(bZIP)/HepG2-MafF-ChIP-Seq(GSE31477)/Homer,T060487_2.00,F091_2.00,TS12_2.00,M08834_2.00,MS27_2.00,ENSMUSG00000042622,Mus_musculus,D,bZIP,bZIP_1,1,0.781756187,MAFF_MOUSE.H11MO.0.A,Misc,HocoMoco,Misc,Kulakovskiy,2013,23175603,14-Jul,SimilarityRegression,FALSE,Ensembl,http://www.ensembl.org/,2018,Dec,8,M08834_2.00,22,11.343,20.713,8.847,0.52
Mafa,MafA(bZIP)/Islet-MafA-ChIP-Seq(GSE30298)/Homer,T060488_2.00,F091_2.00,TS12_2.00,M09497_2.00,MS28_2.00,ENSMUSG00000047591,Mus_musculus,D,bZIP,bZIP_1,1,0.781756187,Islet-MafA_GSE30298,Misc,HOMER,Misc,Heinz,2010,20513432,16-Jan,SimilarityRegression,FALSE,Ensembl,http://www.ensembl.org/,2018,Dec,8,M09497_2.00,10,8.05,11.454,5.988,0.81
Jun,Jun-AP1(bZIP)/K562-cJun-ChIP-Seq(GSE31477)/Homer,T060493_2.00,F091_2.00,TS12_2.00,M01816_2.00,MS64_2.00,ENSMUSG00000052684,Mus_musculus,D,bZIP,bZIP_1,1,0.781756187,pTH4337,PBM,Zoo_01,PBM,Weirauch,2014,25215497,NULL,SimilarityRegression,FALSE,Ensembl,http://www.ensembl.org/,2018,Dec,8,M01816_2.00,9,4.916,8.347,2.962,0.55
Jun,c-Jun-CRE(bZIP)/K562-cJun-ChIP-Seq(GSE31477)/Homer,T060493_2.00,F091_2.00,TS12_2.00,M01816_2.00,MS64_2.00,ENSMUSG00000052684,Mus_musculus,D,bZIP,bZIP_1,1,0.781756187,pTH4337,PBM,Zoo_01,PBM,Weirauch,2014,25215497,NULL,SimilarityRegression,FALSE,Ensembl,http://www.ensembl.org/,2018,Dec,8,M01816_2.00,9,4.916,8.347,2.962,0.55
Junb,JunB(bZIP)/DendriticCells-Junb-ChIP-Seq(GSE36099)/Homer,T060494_2.00,F091_2.00,TS12_2.00,M00760_2.00,MS17_2.00,ENSMUSG00000052837,Mus_musculus,D,bZIP,bZIP_1,1,0.781756187,pTH3064,PBM,DREAM_contest,PBM,Weirauch,2013,23354101,NULL,SimilarityRegression,FALSE,Ensembl,http://www.ensembl.org/,2018,Dec,8,M00760_2.00,8,1.292,5.164,0.539,0.16
Jund,JunD(bZIP)/K562-JunD-ChIP-Seq/Homer,T060504_2.00,F091_2.00,TS12_2.00,M01000_2.00,MS40_2.00,ENSMUSG00000071076,Mus_musculus,D,bZIP,bZIP_1,1,0.781756187,JUND_M_HK,PBM,Mann2013,PBM,Mann,2013,23590861,NULL,SimilarityRegression,FALSE,Ensembl,http://www.ensembl.org/,2018,Dec,8,M01000_2.00,10,8.588,10.711,6.743,0.86
Mafb,MafB(bZIP)/BMM-Mafb-ChIP-Seq(GSE75722)/Homer,T060506_2.00,F091_2.00,TS12_2.00,M02870_2.00,MS33_2.00,ENSMUSG00000074622,Mus_musculus,D,bZIP,bZIP_1,1,0.781756187,Mafb_2,SELEX,Jolma2013,SELEX,Jolma,2013,23332764,13-Jan,SimilarityRegression,FALSE,Ensembl,http://www.ensembl.org/,2018,Dec,8,M02870_2.00,17,9.646,15.868,7.352,0.57
Atf7,Atf7(bZIP)/3T3L1-Atf7-ChIP-Seq(GSE56872)/Homer,T060507_2.00,F091_2.00,TS12_2.00,M09499_2.00,MS28_2.00,ENSMUSG00000099083,Mus_musculus,D,bZIP,bZIP_1,1,0.781756187,3T3L1-Atf7_GSE56872,Misc,HOMER,Misc,Heinz,2010,20513432,16-Jan,SimilarityRegression,FALSE,Ensembl,http://www.ensembl.org/,2018,Dec,8,M09499_2.00,12,6.373,10.895,4.151,0.53
ZEB1,ZEB1(Zf)/PDAC-ZEB1-ChIP-Seq(GSE64557)/Homer,T075853_2.00,F116_2.00,TS12_2.00,M10091_2.00,MS59_2.00,ENSG00000148516,Homo_sapiens,D,"C2H2 ZF,Homeodomain","zf-C2H2,Homeobox",2,0.7,V$AREB6_03,Transfac,Transfac,Transfac,Matys,2006,16381825,7,SequenceIdentity,TRUE,Ensembl,http://www.ensembl.org/,2018,Dec,8,M10091_2.00,12,9.359,11.863,7.621,0.78
ZFX,ZFX(Zf)/mES-Zfx-ChIP-Seq(GSE11431)/Homer,T094775_2.00,F135_2.00,TS12_2.00,M08850_2.00,MS27_2.00,ENSG00000005889,Homo_sapiens,D,C2H2 ZF,zf-C2H2,1,0.755454496,ZFX_HUMAN.H11MO.0.A,Misc,HocoMoco,Misc,Kulakovskiy,2013,23175603,14-Jul,SimilarityRegression,FALSE,Ensembl,http://www.ensembl.org/,2018,Dec,8,M08850_2.00,10,7.513,10.114,5.432,0.75
ZNF263,Znf263(Zf)/K562-Znf263-ChIP-Seq(GSE31477)/Homer,T094776_2.00,F135_2.00,TS12_2.00,M07563_2.00,MS03_2.00,ENSG00000006194,Homo_sapiens,D,C2H2 ZF,zf-C2H2,1,0.755454496,ZNF263.RCADE.ReprocessedData,ChIP-seq+ChIP-exo,Barazandeh2018,ChIP-seq_and_ChIP-exo,Barazandeh,2018,29146583,18-Mar,SimilarityRegression,FALSE,Ensembl,http://www.ensembl.org/,2018,Dec,8,M07563_2.00,9,8.922,10.781,7.332,0.99
ZIC2,Zic2(Zf)/ESC-Zic2-ChIP-Seq(SRP197560)/Homer,T094786_2.00,F135_2.00,TS12_2.00,M08233_2.00,MS43_2.00,ENSG00000043355,Homo_sapiens,D,C2H2 ZF,zf-C2H2,1,0.755454496,ZIC2,ChIP-seq,Najafabadi2015b,ChIP-seq,Najafabadi,2015b,25690854,NULL,SimilarityRegression,FALSE,Ensembl,http://www.ensembl.org/,2018,Dec,8,M08233_2.00,11,6.966,10.731,5.03,0.63
KLF6,KLF6(Zf)/PDAC-KLF6-ChIP-Seq(GSE64557)/Homer,T094796_2.00,F135_2.00,TS12_2.00,M08857_2.00,MS27_2.00,ENSG00000067082,Homo_sapiens,D,C2H2 ZF,zf-C2H2,1,0.755454496,KLF6_HUMAN.H11MO.0.A,Misc,HocoMoco,Misc,Kulakovskiy,2013,23175603,14-Jul,SimilarityRegression,FALSE,Ensembl,http://www.ensembl.org/,2018,Dec,8,M08857_2.00,19,7.902,15.798,5.531,0.42
ZNF416,ZNF416(Zf)/HEK293-ZNF416.GFP-ChIP-Seq(GSE58341)/Homer,T094806_2.00,F135_2.00,TS12_2.00,M08234_2.00,MS43_2.00,ENSG00000083817,Homo_sapiens,D,C2H2 ZF,zf-C2H2,1,0.755454496,ZNF416,ChIP-seq,Najafabadi2015b,ChIP-seq,Najafabadi,2015b,25690854,NULL,SimilarityRegression,FALSE,Ensembl,http://www.ensembl.org/,2018,Dec,8,M08234_2.00,18,18.63,23.093,16.498,1.03
ZNF264,ZNF264(Zf)/HEK293-ZNF264.GFP-ChIP-Seq(GSE58341)/Homer,T094809_2.00,F135_2.00,TS12_2.00,M08860_2.00,MS27_2.00,ENSG00000083844,Homo_sapiens,D,C2H2 ZF,zf-C2H2,1,0.755454496,ZN264_HUMAN.H11MO.0.C,Misc,HocoMoco,Misc,Kulakovskiy,2013,23175603,14-Jul,SimilarityRegression,FALSE,Ensembl,http://www.ensembl.org/,2018,Dec,8,M08860_2.00,24,10.123,21.63,7.558,0.42
REST,REST-NRSF(Zf)/Jurkat-NRSF-ChIP-Seq/Homer,T094810_2.00,F135_2.00,TS12_2.00,M07846_2.00,MS18_2.00,ENSG00000084093,Homo_sapiens,D,C2H2 ZF,zf-C2H2,1,0.755454496,GM12878_NRSF_HudsonAlpha,ChIP-seq,ENCODE,ChIP-seq,Gerstein,2012,22955619,11-Jan,SimilarityRegression,FALSE,Ensembl,http://www.ensembl.org/,2018,Dec,8,M07846_2.00,14,12.184,16.336,10.097,0.87
MYNN,MYNN(Zf)/HEK293-MYNN.eGFP-ChIP-Seq(Encode)/Homer,T094811_2.00,F135_2.00,TS12_2.00,M08283_2.00,MS52_2.00,ENSG00000085274,Homo_sapiens,D,C2H2 ZF,zf-C2H2,1,0.755454496,Q9NPC7_1-4.RCADE,ChIP-seq,Schmitges2016,ChIP-seq,Schmitges,2016,27852650,17-Apr,SimilarityRegression,FALSE,Ensembl,http://www.ensembl.org/,2018,Dec,8,M08283_2.00,12,9.338,13.612,7.19,0.78
YY1,YY1(Zf)/Promoter/Homer,T094823_2.00,F135_2.00,TS12_2.00,M07860_2.00,MS18_2.00,ENSG00000100811,Homo_sapiens,D,C2H2 ZF,zf-C2H2,1,0.755454496,K562_YY1_HudsonAlpha,ChIP-seq,ENCODE,ChIP-seq,Gerstein,2012,22955619,11-Jan,SimilarityRegression,FALSE,Ensembl,http://www.ensembl.org/,2018,Dec,8,M07860_2.00,15,11,15.543,8.908,0.73
KLF5,KLF5(Zf)/LoVo-KLF5-ChIP-Seq(GSE49402)/Homer,T094828_2.00,F135_2.00,TS12_2.00,M08868_2.00,MS27_2.00,ENSG00000102554,Homo_sapiens,D,C2H2 ZF,zf-C2H2,1,0.755454496,KLF5_HUMAN.H11MO.0.A,Misc,HocoMoco,Misc,Kulakovskiy,2013,23175603,14-Jul,SimilarityRegression,FALSE,Ensembl,http://www.ensembl.org/,2018,Dec,8,M08868_2.00,14,8.391,13.594,6.147,0.6
CTCF,CTCF(Zf)/CD4+-CTCF-ChIP-Seq(Barski_et_al.)/Homer,T094831_2.00,F135_2.00,TS12_2.00,M07924_2.00,MS18_2.00,ENSG00000102974,Homo_sapiens,D,C2H2 ZF,zf-C2H2,1,0.755454496,T-47D_CTCF_HudsonAlpha,ChIP-seq,ENCODE,ChIP-seq,Gerstein,2012,22955619,11-Jan,SimilarityRegression,FALSE,Ensembl,http://www.ensembl.org/,2018,Dec,8,M07924_2.00,15,10.926,15.553,8.788,0.73
CTCF,CTCF-SatelliteElement(Zf?)/CD4+-CTCF-ChIP-Seq(Barski_et_al.)/Homer,T094831_2.00,F135_2.00,TS12_2.00,M07924_2.00,MS18_2.00,ENSG00000102974,Homo_sapiens,D,C2H2 ZF,zf-C2H2,1,0.755454496,T-47D_CTCF_HudsonAlpha,ChIP-seq,ENCODE,ChIP-seq,Gerstein,2012,22955619,11-Jan,SimilarityRegression,FALSE,Ensembl,http://www.ensembl.org/,2018,Dec,8,M07924_2.00,15,10.926,15.553,8.788,0.73
KLF1,KLF1(Zf)/HUDEP2-KLF1-CutnRun(GSE136251)/Homer,T094840_2.00,F135_2.00,TS12_2.00,M00224_2.00,MS04_2.00,ENSG00000105610,Homo_sapiens,D,C2H2 ZF,zf-C2H2,1,0.755454496,KLF1_H299Y,PBM,Barrera2016,PBM,Barrera,2016,27013732,NULL,SimilarityRegression,FALSE,Ensembl,http://www.ensembl.org/,2018,Dec,8,M00224_2.00,8,8.347,9.1,7.968,1.04
KLF1,EKLF(Zf)/Erythrocyte-Klf1-ChIP-Seq(GSE20478)/Homer,T094840_2.00,F135_2.00,TS12_2.00,M00224_2.00,MS04_2.00,ENSG00000105610,Homo_sapiens,D,C2H2 ZF,zf-C2H2,1,0.755454496,KLF1_H299Y,PBM,Barrera2016,PBM,Barrera,2016,27013732,NULL,SimilarityRegression,FALSE,Ensembl,http://www.ensembl.org/,2018,Dec,8,M00224_2.00,8,8.347,9.1,7.968,1.04
ZKSCAN1,ZKSCAN1(Zf)/HepG2-ZKSCAN1-ChIP-Seq(Encode)/Homer,T094845_2.00,F135_2.00,TS12_2.00,M08874_2.00,MS27_2.00,ENSG00000106261,Homo_sapiens,D,C2H2 ZF,zf-C2H2,1,0.755454496,ZKSC1_HUMAN.H11MO.0.B,Misc,HocoMoco,Misc,Kulakovskiy,2013,23175603,14-Jul,SimilarityRegression,FALSE,Ensembl,http://www.ensembl.org/,2018,Dec,8,M08874_2.00,19,10.502,17.987,8.107,0.55
GLI3,GLI3(Zf)/Limb-GLI3-ChIP-Chip(GSE11077)/Homer,T094846_2.00,F135_2.00,TS12_2.00,M04416_2.00,MS62_2.00,ENSG00000106571,Homo_sapiens,D,C2H2 ZF,zf-C2H2,1,0.755454496,GLI3_eDBD_HT-SELEX,SELEX,Yin2017,SELEX,Yin,2017,28473536,17-Apr,SimilarityRegression,FALSE,Ensembl,http://www.ensembl.org/,2018,Dec,8,M04416_2.00,15,11.181,15.607,9.108,0.75
GLIS3,GLIS3(Zf)/Thyroid-Glis3.GFP-ChIP-Seq(GSE103297)/Homer,T094847_2.00,F135_2.00,TS12_2.00,M02880_2.00,MS33_2.00,ENSG00000107249,Homo_sapiens,D,C2H2 ZF,zf-C2H2,1,0.755454496,GLIS3_1,SELEX,Jolma2013,SELEX,Jolma,2013,23332764,13-Jan,SimilarityRegression,FALSE,Ensembl,http://www.ensembl.org/,2018,Dec,8,M02880_2.00,14,14.166,17.542,12.193,1.01
KLF3,KLF3(Zf)/MEF-Klf3-ChIP-Seq(GSE44748)/Homer,T094848_2.00,F135_2.00,TS12_2.00,M08876_2.00,MS27_2.00,ENSG00000109787,Homo_sapiens,D,C2H2 ZF,zf-C2H2,1,0.755454496,KLF3_HUMAN.H11MO.0.B,Misc,HocoMoco,Misc,Kulakovskiy,2013,23175603,14-Jul,SimilarityRegression,FALSE,Ensembl,http://www.ensembl.org/,2018,Dec,8,M08876_2.00,19,9.283,16.211,7.078,0.49
BCL11A,Bcl11a(Zf)/HSPC-BCL11A-ChIP-Seq(GSE104676)/Homer,T094871_2.00,F135_2.00,TS12_2.00,M08881_2.00,MS27_2.00,ENSG00000119866,Homo_sapiens,D,C2H2 ZF,zf-C2H2,1,0.755454496,BC11A_HUMAN.H11MO.0.A,Misc,HocoMoco,Misc,Kulakovskiy,2013,23175603,14-Jul,SimilarityRegression,FALSE,Ensembl,http://www.ensembl.org/,2018,Dec,8,M08881_2.00,17,7.106,14.936,4.733,0.42
CTCFL,BORIS(Zf)/K562-CTCFL-ChIP-Seq(GSE32465)/Homer,T094884_2.00,F135_2.00,TS12_2.00,M08885_2.00,MS27_2.00,ENSG00000124092,Homo_sapiens,D,C2H2 ZF,zf-C2H2,1,0.755454496,CTCFL_HUMAN.H11MO.0.A,Misc,HocoMoco,Misc,Kulakovskiy,2013,23175603,14-Jul,SimilarityRegression,FALSE,Ensembl,http://www.ensembl.org/,2018,Dec,8,M08885_2.00,17,10.772,16.531,8.487,0.63
ZNF317,ZNF317(Zf)/HEK293-ZNF317.GFP-ChIP-Seq(GSE58341)/Homer,T094914_2.00,F135_2.00,TS12_2.00,M08890_2.00,MS27_2.00,ENSG00000130803,Homo_sapiens,D,C2H2 ZF,zf-C2H2,1,0.755454496,ZN317_HUMAN.H11MO.0.C,Misc,HocoMoco,Misc,Kulakovskiy,2013,23175603,14-Jul,SimilarityRegression,FALSE,Ensembl,http://www.ensembl.org/,2018,Dec,8,M08890_2.00,20,11.313,20.373,8.838,0.57
ZNF341,ZNF341(Zf)/EBV-ZNF341-ChIP-Seq(GSE113194)/Homer,T094919_2.00,F135_2.00,TS12_2.00,M08892_2.00,MS27_2.00,ENSG00000131061,Homo_sapiens,D,C2H2 ZF,zf-C2H2,1,0.755454496,ZN341_HUMAN.H11MO.0.C,Misc,HocoMoco,Misc,Kulakovskiy,2013,23175603,14-Jul,SimilarityRegression,FALSE,Ensembl,http://www.ensembl.org/,2018,Dec,8,M08892_2.00,22,8.916,18.967,6.434,0.41
ZNF189,ZNF189(Zf)/HEK293-ZNF189.GFP-ChIP-Seq(GSE58341)/Homer,T094934_2.00,F135_2.00,TS12_2.00,M08244_2.00,MS43_2.00,ENSG00000136870,Homo_sapiens,D,C2H2 ZF,zf-C2H2,1,0.755454496,ZNF189,ChIP-seq,Najafabadi2015b,ChIP-seq,Najafabadi,2015b,25690854,NULL,SimilarityRegression,FALSE,Ensembl,http://www.ensembl.org/,2018,Dec,8,M08244_2.00,7,6.581,8.675,4.706,0.94
ZNF41,ZNF41(Zf)/HEK293-ZNF41.GFP-ChIP-Seq(GSE58341)/Homer,T094963_2.00,F135_2.00,TS12_2.00,M08313_2.00,MS52_2.00,ENSG00000147124,Homo_sapiens,D,C2H2 ZF,zf-C2H2,1,0.755454496,P51814_4-14.RCADE,ChIP-seq,Schmitges2016,ChIP-seq,Schmitges,2016,27852650,17-Apr,SimilarityRegression,FALSE,Ensembl,http://www.ensembl.org/,2018,Dec,8,M08313_2.00,33,13.613,27.956,10.97,0.41
ZNF711,ZNF711(Zf)/SHSY5Y-ZNF711-ChIP-Seq(GSE20673)/Homer,T094964_2.00,F135_2.00,TS12_2.00,M09508_2.00,MS28_2.00,ENSG00000147180,Homo_sapiens,D,C2H2 ZF,zf-C2H2,1,0.755454496,SHSY5Y-ZNF711_GSE20673,Misc,HOMER,Misc,Heinz,2010,20513432,16-Jan,SimilarityRegression,FALSE,Ensembl,http://www.ensembl.org/,2018,Dec,8,M09508_2.00,8,6.637,8.999,4.83,0.83
ZNF7,ZNF7(Zf)/HepG2-ZNF7.Flag-ChIP-Seq(Encode)/Homer,T094967_2.00,F135_2.00,TS12_2.00,M07598_2.00,MS03_2.00,ENSG00000147789,Homo_sapiens,D,C2H2 ZF,zf-C2H2,1,0.755454496,ZNF7.RCADE.ReprocessedData,ChIP-seq+ChIP-exo,Barazandeh2018,ChIP-seq_and_ChIP-exo,Barazandeh,2018,29146583,18-Mar,SimilarityRegression,FALSE,Ensembl,http://www.ensembl.org/,2018,Dec,8,M07598_2.00,21,11.201,19.259,8.877,0.53
ZIC1,Zic(Zf)/Cerebellum-ZIC1.2-ChIP-Seq(GSE60731)/Homer,T094981_2.00,F135_2.00,TS12_2.00,M10226_2.00,MS59_2.00,ENSG00000152977,Homo_sapiens,D,C2H2 ZF,zf-C2H2,1,0.755454496,V$ZIC1_01,Transfac,Transfac,Transfac,Matys,2006,16381825,7,SimilarityRegression,FALSE,Ensembl,http://www.ensembl.org/,2018,Dec,8,M10226_2.00,9,3.873,8.506,1.75,0.43
KLF10,KLF10(Zf)/HEK293-KLF10.GFP-ChIP-Seq(GSE58341)/Homer,T094987_2.00,F135_2.00,TS12_2.00,M04490_2.00,MS62_2.00,ENSG00000155090,Homo_sapiens,D,C2H2 ZF,zf-C2H2,1,0.755454496,KLF10_eDBD_Methyl-HT-SELEX,SELEX,Yin2017,SELEX,Yin,2017,28473536,17-Apr,SimilarityRegression,FALSE,Ensembl,http://www.ensembl.org/,2018,Dec,8,M04490_2.00,22,19.879,25.102,18.023,0.9
ZIC3,Zic3(Zf)/mES-Zic3-ChIP-Seq(GSE37889)/Homer,T094989_2.00,F135_2.00,TS12_2.00,M02894_2.00,MS33_2.00,ENSG00000156925,Homo_sapiens,D,C2H2 ZF,zf-C2H2,1,0.755454496,ZIC3_1,SELEX,Jolma2013,SELEX,Jolma,2013,23332764,13-Jan,SimilarityRegression,FALSE,Ensembl,http://www.ensembl.org/,2018,Dec,8,M02894_2.00,15,11.582,16.322,9.45,0.77
ZNF382,ZNF382(Zf)/HEK293-ZNF382.GFP-ChIP-Seq(GSE58341)/Homer,T095009_2.00,F135_2.00,TS12_2.00,M08319_2.00,MS52_2.00,ENSG00000161298,Homo_sapiens,D,C2H2 ZF,zf-C2H2,1,0.755454496,Q96SR6_1-8.RCADE,ChIP-seq,Schmitges2016,ChIP-seq,Schmitges,2016,27852650,17-Apr,SimilarityRegression,FALSE,Ensembl,http://www.ensembl.org/,2018,Dec,8,M08319_2.00,24,11.67,22.06,9.175,0.49
ZNF528,ZNF528(Zf)/HEK293-ZNF528.GFP-ChIP-Seq(GSE58341)/Homer,T095056_2.00,F135_2.00,TS12_2.00,M08249_2.00,MS43_2.00,ENSG00000167555,Homo_sapiens,D,C2H2 ZF,zf-C2H2,1,0.755454496,ZNF528,ChIP-seq,Najafabadi2015b,ChIP-seq,Najafabadi,2015b,25690854,NULL,SimilarityRegression,FALSE,Ensembl,http://www.ensembl.org/,2018,Dec,8,M08249_2.00,14,14.181,17.368,12.184,1.01
ZNF768,ZNF768(Zf)/Rajj-ZNF768-ChIP-Seq(GSE111879)/Homer,T095084_2.00,F135_2.00,TS12_2.00,M08333_2.00,MS52_2.00,ENSG00000169957,Homo_sapiens,D,C2H2 ZF,zf-C2H2,1,0.755454496,Q9H5H4_1-5.RCADE,ChIP-seq,Schmitges2016,ChIP-seq,Schmitges,2016,27852650,17-Apr,SimilarityRegression,FALSE,Ensembl,http://www.ensembl.org/,2018,Dec,8,M08333_2.00,15,13.553,17.675,11.51,0.9
ZNF16,ZNF16(Zf)/HEK293-ZNF16.GFP-ChIP-Seq(GSE58341)/Homer,T095092_2.00,F135_2.00,TS12_2.00,M08251_2.00,MS43_2.00,ENSG00000170631,Homo_sapiens,D,C2H2 ZF,zf-C2H2,1,0.755454496,ZNF16,ChIP-seq,Najafabadi2015b,ChIP-seq,Najafabadi,2015b,25690854,NULL,SimilarityRegression,FALSE,Ensembl,http://www.ensembl.org/,2018,Dec,8,M08251_2.00,15,13.429,17.719,11.277,0.9
ZNF415,ZNF415(Zf)/HEK293-ZNF415.GFP-ChIP-Seq(GSE58341)/Homer,T095095_2.00,F135_2.00,TS12_2.00,M08337_2.00,MS52_2.00,ENSG00000170954,Homo_sapiens,D,C2H2 ZF,zf-C2H2,1,0.755454496,Q09FC8.MEME,ChIP-seq,Schmitges2016,ChIP-seq,Schmitges,2016,27852650,17-Apr,SimilarityRegression,FALSE,Ensembl,http://www.ensembl.org/,2018,Dec,8,M08337_2.00,15,8.494,14.053,6.373,0.57
ZNF692,ZNF692(Zf)/HEK293-ZNF692.GFP-ChIP-Seq(GSE58341)/Homer,T095097_2.00,F135_2.00,TS12_2.00,M08253_2.00,MS43_2.00,ENSG00000171163,Homo_sapiens,D,C2H2 ZF,zf-C2H2,1,0.755454496,ZNF692,ChIP-seq,Najafabadi2015b,ChIP-seq,Najafabadi,2015b,25690854,NULL,SimilarityRegression,FALSE,Ensembl,http://www.ensembl.org/,2018,Dec,8,M08253_2.00,13,10.085,13.626,8.134,0.78
HINFP,HINFP(Zf)/K562-HINFP.eGFP-ChIP-Seq(Encode)/Homer,T095118_2.00,F135_2.00,TS12_2.00,M02908_2.00,MS33_2.00,ENSG00000172273,Homo_sapiens,D,C2H2 ZF,zf-C2H2,1,0.755454496,HINFP1_2,SELEX,Jolma2013,SELEX,Jolma,2013,23332764,13-Jan,SimilarityRegression,FALSE,Ensembl,http://www.ensembl.org/,2018,Dec,8,M02908_2.00,20,20.217,24.139,18.356,1.01
ZNF519,ZNF519(Zf)/HEK293-ZNF519.GFP-ChIP-Seq(GSE58341)/Homer,T095140_2.00,F135_2.00,TS12_2.00,M07642_2.00,MS03_2.00,ENSG00000175322,Homo_sapiens,D,C2H2 ZF,zf-C2H2,1,0.755454496,ZNF519.RCADE.OriginalMapping,ChIP-seq+ChIP-exo,Barazandeh2018,ChIP-seq_and_ChIP-exo,Barazandeh,2018,29146583,18-Mar,SimilarityRegression,FALSE,Ensembl,http://www.ensembl.org/,2018,Dec,8,M07642_2.00,15,11.347,16.359,9.282,0.76
HIC1,HIC1(Zf)/Treg-ZBTB29-ChIP-Seq(GSE99889)/Homer,T095155_2.00,F135_2.00,TS12_2.00,M04569_2.00,MS62_2.00,ENSG00000177374,Homo_sapiens,D,C2H2 ZF,zf-C2H2,1,0.755454496,HIC1_eDBD_Methyl-HT-SELEX,SELEX,Yin2017,SELEX,Yin,2017,28473536,17-Apr,SimilarityRegression,FALSE,Ensembl,http://www.ensembl.org/,2018,Dec,8,M04569_2.00,10,7.28,9.9,5.401,0.73
ZBTB33,ZBTB33(Zf)/GM12878-ZBTB33-ChIP-Seq(GSE32465)/Homer,T095156_2.00,F135_2.00,TS12_2.00,M08094_2.00,MS31_2.00,ENSG00000177485,Homo_sapiens,D,C2H2 ZF,zf-C2H2,1,0.755454496,MA0527.1,ChIP-seq,JASPAR,JASPAR,Mathelier,2014,24194598,14-Aug,SimilarityRegression,FALSE,Ensembl,http://www.ensembl.org/,2018,Dec,8,M08094_2.00,15,9.645,14.379,7.509,0.64
ZBTB7A,LRF(Zf)/Erythroblasts-ZBTB7A-ChIP-Seq(GSE74977)/Homer,T095173_2.00,F135_2.00,TS12_2.00,M04579_2.00,MS62_2.00,ENSG00000178951,Homo_sapiens,D,C2H2 ZF,zf-C2H2,1,0.755454496,ZBTB7A_eDBD_HT-SELEX,SELEX,Yin2017,SELEX,Yin,2017,28473536,17-Apr,SimilarityRegression,FALSE,Ensembl,http://www.ensembl.org/,2018,Dec,8,M04579_2.00,11,10.048,12.479,7.729,0.91
ZBTB18,ZBTB18(Zf)/HEK293-ZBTB18.GFP-ChIP-Seq(GSE58341)/Homer,T095177_2.00,F135_2.00,TS12_2.00,M04586_2.00,MS62_2.00,ENSG00000179456,Homo_sapiens,D,C2H2 ZF,zf-C2H2,1,0.755454496,ZBTB18_eDBD_Methyl-HT-SELEX,SELEX,Yin2017,SELEX,Yin,2017,28473536,17-Apr,SimilarityRegression,FALSE,Ensembl,http://www.ensembl.org/,2018,Dec,8,M04586_2.00,13,8.206,11.931,6.143,0.63
ZFP3,ZFP3(Zf)/HEK293-ZFP3.GFP-ChIP-Seq(GSE58341)/Homer,T095192_2.00,F135_2.00,TS12_2.00,M08258_2.00,MS43_2.00,ENSG00000180787,Homo_sapiens,D,C2H2 ZF,zf-C2H2,1,0.755454496,ZFP3,ChIP-seq,Najafabadi2015b,ChIP-seq,Najafabadi,2015b,25690854,NULL,SimilarityRegression,FALSE,Ensembl,http://www.ensembl.org/,2018,Dec,8,M08258_2.00,15,14.433,18.403,12.35,0.96
ZNF322,ZNF322(Zf)/HEK293-ZNF322.GFP-ChIP-Seq(GSE58341)/Homer,T095199_2.00,F135_2.00,TS12_2.00,M08931_2.00,MS27_2.00,ENSG00000181315,Homo_sapiens,D,C2H2 ZF,zf-C2H2,1,0.755454496,ZN322_HUMAN.H11MO.0.B,Misc,HocoMoco,Misc,Kulakovskiy,2013,23175603,14-Jul,SimilarityRegression,FALSE,Ensembl,http://www.ensembl.org/,2018,Dec,8,M08931_2.00,20,9.998,19.064,7.532,0.5
ZNF467,ZNF467(Zf)/HEK293-ZNF467.GFP-ChIP-Seq(GSE58341)/Homer,T095200_2.00,F135_2.00,TS12_2.00,M08358_2.00,MS52_2.00,ENSG00000181444,Homo_sapiens,D,C2H2 ZF,zf-C2H2,1,0.755454496,Q7Z7K2_3-6.RCADE,ChIP-seq,Schmitges2016,ChIP-seq,Schmitges,2016,27852650,17-Apr,SimilarityRegression,FALSE,Ensembl,http://www.ensembl.org/,2018,Dec,8,M08358_2.00,12,10.662,14.007,8.602,0.89
ZSCAN22,ZSCAN22(Zf)/HEK293-ZSCAN22.GFP-ChIP-Seq(GSE58341)/Homer,T095211_2.00,F135_2.00,TS12_2.00,M08935_2.00,MS27_2.00,ENSG00000182318,Homo_sapiens,D,C2H2 ZF,zf-C2H2,1,0.755454496,ZSC22_HUMAN.H11MO.0.C,Misc,HocoMoco,Misc,Kulakovskiy,2013,23175603,14-Jul,SimilarityRegression,FALSE,Ensembl,http://www.ensembl.org/,2018,Dec,8,M08935_2.00,16,10.149,16.298,7.835,0.63
WT1,WT1(Zf)/Kidney-WT1-ChIP-Seq(GSE90016)/Homer,T095226_2.00,F135_2.00,TS12_2.00,M00248_2.00,MS04_2.00,ENSG00000184937,Homo_sapiens,D,C2H2 ZF,zf-C2H2,1,0.755454496,WT1_R394W,PBM,Barrera2016,PBM,Barrera,2016,27013732,NULL,SimilarityRegression,FALSE,Ensembl,http://www.ensembl.org/,2018,Dec,8,M00248_2.00,13,6.183,11.129,4.054,0.48
ZNF669,ZNF669(Zf)/HEK293-ZNF669.GFP-ChIP-Seq(GSE58341)/Homer,T095267_2.00,F135_2.00,TS12_2.00,M08367_2.00,MS52_2.00,ENSG00000188295,Homo_sapiens,D,C2H2 ZF,zf-C2H2,1,0.755454496,Q96BR6_1-9.RCADE,ChIP-seq,Schmitges2016,ChIP-seq,Schmitges,2016,27852650,17-Apr,SimilarityRegression,FALSE,Ensembl,http://www.ensembl.org/,2018,Dec,8,M08367_2.00,27,11.84,21.545,9.4,0.44
ZNF136,ZNF136(Zf)/HEK293-ZNF136.GFP-ChIP-Seq(GSE58341)/Homer,T095310_2.00,F135_2.00,TS12_2.00,M08265_2.00,MS43_2.00,ENSG00000196646,Homo_sapiens,D,C2H2 ZF,zf-C2H2,1,0.755454496,ZNF136,ChIP-seq,Najafabadi2015b,ChIP-seq,Najafabadi,2015b,25690854,NULL,SimilarityRegression,FALSE,Ensembl,http://www.ensembl.org/,2018,Dec,8,M08265_2.00,21,15.486,23.898,13.024,0.74
ZNF675,ZNF675(Zf)/HEK293-ZNF675.GFP-ChIP-Seq(GSE58341)/Homer,T095345_2.00,F135_2.00,TS12_2.00,M08266_2.00,MS43_2.00,ENSG00000197372,Homo_sapiens,D,C2H2 ZF,zf-C2H2,1,0.755454496,ZNF675,ChIP-seq,Najafabadi2015b,ChIP-seq,Najafabadi,2015b,25690854,NULL,SimilarityRegression,FALSE,Ensembl,http://www.ensembl.org/,2018,Dec,8,M08266_2.00,20,17.611,21.415,15.594,0.88
ZBTB12,ZBTB12(Zf)/HEK293-ZBTB12.GFP-ChIP-Seq(GSE58341)/Homer,T095409_2.00,F135_2.00,TS12_2.00,M04635_2.00,MS62_2.00,ENSG00000204366,Homo_sapiens,D,C2H2 ZF,zf-C2H2,1,0.755454496,ZBTB12_eDBD_Methyl-HT-SELEX_1,SELEX,Yin2017,SELEX,Yin,2017,28473536,17-Apr,SimilarityRegression,FALSE,Ensembl,http://www.ensembl.org/,2018,Dec,8,M04635_2.00,14,13.221,15.995,11.291,0.94
SCRT1,SCRT1(Zf)/HEK293-SCRT1.eGFP-ChIP-Seq(Encode)/Homer,T095485_2.00,F135_2.00,TS12_2.00,M04655_2.00,MS62_2.00,ENSG00000261678,Homo_sapiens,D,C2H2 ZF,zf-C2H2,1,0.755454496,SCRT1_eDBD_HT-SELEX,SELEX,Yin2017,SELEX,Yin,2017,28473536,17-Apr,SimilarityRegression,FALSE,Ensembl,http://www.ensembl.org/,2018,Dec,8,M04655_2.00,11,10.554,12.552,8.639,0.96
KLF14,KLF14(Zf)/HEK293-KLF14.GFP-ChIP-Seq(GSE58341)/Homer,T095489_2.00,F135_2.00,TS12_2.00,M02930_2.00,MS33_2.00,ENSG00000266265,Homo_sapiens,D,C2H2 ZF,zf-C2H2,1,0.755454496,KLF14_1,SELEX,Jolma2013,SELEX,Jolma,2013,23332764,13-Jan,SimilarityRegression,FALSE,Ensembl,http://www.ensembl.org/,2018,Dec,8,M02930_2.00,14,10.914,14.82,8.857,0.78
Sp1,Sp1(Zf)/Promoter/Homer,T100972_2.00,F135_2.00,TS12_2.00,M08963_2.00,MS27_2.00,ENSMUSG00000001280,Mus_musculus,D,C2H2 ZF,zf-C2H2,1,0.755454496,SP1_MOUSE.H11MO.0.A,Misc,HocoMoco,Misc,Kulakovskiy,2013,23175603,14-Jul,SimilarityRegression,FALSE,Ensembl,http://www.ensembl.org/,2018,Dec,8,M08963_2.00,24,12.492,23.532,9.94,0.52
Klf4,Klf4(Zf)/mES-Klf4-ChIP-Seq(GSE11431)/Homer,T100977_2.00,F135_2.00,TS12_2.00,M08021_2.00,MS26_2.00,ENSMUSG00000003032,Mus_musculus,D,C2H2 ZF,zf-C2H2,1,0.755454496,SRP000217_Klf4,ChIP-seq,hmCHIP,ChIP-seq,Chen,2011,21450710,11-Nov,SimilarityRegression,FALSE,Ensembl,http://www.ensembl.org/,2018,Dec,8,M08021_2.00,11,8.522,11.064,6.562,0.77
Sp2,Sp2(Zf)/HEK293-Sp2.eGFP-ChIP-Seq(Encode)/Homer,T101006_2.00,F135_2.00,TS12_2.00,M08970_2.00,MS27_2.00,ENSMUSG00000018678,Mus_musculus,D,C2H2 ZF,zf-C2H2,1,0.755454496,SP2_MOUSE.H11MO.0.B,Misc,HocoMoco,Misc,Kulakovskiy,2013,23175603,14-Jul,SimilarityRegression,FALSE,Ensembl,http://www.ensembl.org/,2018,Dec,8,M08970_2.00,22,9.861,19.468,7.39,0.45
Plagl1,Zac1(Zf)/Neuro2A-Plagl1-ChIP-Seq(GSE75942)/Homer,T101009_2.00,F135_2.00,TS12_2.00,M00130_2.00,MS02_2.00,ENSMUSG00000019817,Mus_musculus,D,C2H2 ZF,zf-C2H2,1,0.755454496,Plagl1_0972,PBM,Badis09,PBM,Badis,2009,19443739,NULL,SimilarityRegression,FALSE,Ensembl,http://www.ensembl.org/,2018,Dec,8,M00130_2.00,10,4.186,7.684,2.017,0.42
Bcl6,Bcl6(Zf)/Liver-Bcl6-ChIP-Seq(GSE31578)/Homer,T101031_2.00,F135_2.00,TS12_2.00,M09513_2.00,MS28_2.00,ENSMUSG00000022508,Mus_musculus,D,C2H2 ZF,zf-C2H2,1,0.755454496,Liver-Bcl6_GSE31578,Misc,HOMER,Misc,Heinz,2010,20513432,16-Jan,SimilarityRegression,FALSE,Ensembl,http://www.ensembl.org/,2018,Dec,8,M09513_2.00,15,7.129,12.678,4.786,0.48
Snai2,Slug(Zf)/Mesoderm-Snai2-ChIP-Seq(GSE61475)/Homer,T101035_2.00,F135_2.00,TS12_2.00,M08973_2.00,MS27_2.00,ENSMUSG00000022676,Mus_musculus,D,C2H2 ZF,zf-C2H2,1,0.755454496,SNAI2_MOUSE.H11MO.0.A,Misc,HocoMoco,Misc,Kulakovskiy,2013,23175603,14-Jul,SimilarityRegression,FALSE,Ensembl,http://www.ensembl.org/,2018,Dec,8,M08973_2.00,11,9.366,11.096,7.787,0.85
Gfi1b,Gfi1b(Zf)/HPC7-Gfi1b-ChIP-Seq(GSE22178)/Homer,T101063_2.00,F135_2.00,TS12_2.00,M09514_2.00,MS28_2.00,ENSMUSG00000026815,Mus_musculus,D,C2H2 ZF,zf-C2H2,1,0.755454496,HPC7-Gfi1b_GSE22178,Misc,HOMER,Misc,Heinz,2010,20513432,16-Jan,SimilarityRegression,FALSE,Ensembl,http://www.ensembl.org/,2018,Dec,8,M09514_2.00,10,9.407,11.305,7.495,0.94
Maz,Maz(Zf)/HepG2-Maz-ChIP-Seq(GSE31477)/Homer,T101100_2.00,F135_2.00,TS12_2.00,M08988_2.00,MS27_2.00,ENSMUSG00000030678,Mus_musculus,D,C2H2 ZF,zf-C2H2,1,0.755454496,MAZ_MOUSE.H11MO.0.A,Misc,HocoMoco,Misc,Kulakovskiy,2013,23175603,14-Jul,SimilarityRegression,FALSE,Ensembl,http://www.ensembl.org/,2018,Dec,8,M08988_2.00,22,9.845,19.358,7.366,0.45
Klf9,Klf9(Zf)/GBM-Klf9-ChIP-Seq(GSE62211)/Homer,T101114_2.00,F135_2.00,TS12_2.00,M00777_2.00,MS17_2.00,ENSMUSG00000033863,Mus_musculus,D,C2H2 ZF,zf-C2H2,1,0.755454496,pTH2353,PBM,DREAM_contest,PBM,Weirauch,2013,23354101,NULL,SimilarityRegression,FALSE,Ensembl,http://www.ensembl.org/,2018,Dec,8,M00777_2.00,8,6.187,8.395,4.128,0.77
Zfp57,Zfp57(Zf)/H1-ZFP57.HA-ChIP-Seq(GSE115387)/Homer,T101130_2.00,F135_2.00,TS12_2.00,M08992_2.00,MS27_2.00,ENSMUSG00000036036,Mus_musculus,D,C2H2 ZF,zf-C2H2,1,0.755454496,ZFP57_MOUSE.H11MO.0.B,Misc,HocoMoco,Misc,Kulakovskiy,2013,23175603,14-Jul,SimilarityRegression,FALSE,Ensembl,http://www.ensembl.org/,2018,Dec,8,M08992_2.00,10,7.617,10.691,5.442,0.76
Egr2,Egr2(Zf)/Thymocytes-Egr2-ChIP-Seq(GSE34254)/Homer,T101144_2.00,F135_2.00,TS12_2.00,M09515_2.00,MS28_2.00,ENSMUSG00000037868,Mus_musculus,D,C2H2 ZF,zf-C2H2,1,0.755454496,Thymocytes-Egr2_GSE34254,Misc,HOMER,Misc,Heinz,2010,20513432,16-Jan,SimilarityRegression,FALSE,Ensembl,http://www.ensembl.org/,2018,Dec,8,M09515_2.00,12,8.661,11.954,6.745,0.72
Egr1,Egr1(Zf)/K562-Egr1-ChIP-Seq(GSE32465)/Homer,T101147_2.00,F135_2.00,TS12_2.00,M08996_2.00,MS27_2.00,ENSMUSG00000038418,Mus_musculus,D,C2H2 ZF,zf-C2H2,1,0.755454496,EGR1_MOUSE.H11MO.0.A,Misc,HocoMoco,Misc,Kulakovskiy,2013,23175603,14-Jul,SimilarityRegression,FALSE,Ensembl,http://www.ensembl.org/,2018,Dec,8,M08996_2.00,14,10.315,14.456,8.268,0.74
Zfp281,Zfp281(Zf)/ES-Zfp281-ChIP-Seq(GSE81042)/Homer,T101166_2.00,F135_2.00,TS12_2.00,M08999_2.00,MS27_2.00,ENSMUSG00000041483,Mus_musculus,D,C2H2 ZF,zf-C2H2,1,0.755454496,ZN281_MOUSE.H11MO.0.A,Misc,HocoMoco,Misc,Kulakovskiy,2013,23175603,14-Jul,SimilarityRegression,FALSE,Ensembl,http://www.ensembl.org/,2018,Dec,8,M08999_2.00,15,13.643,17.866,11.751,0.91
Snai1,Snail1(Zf)/LS174T-SNAIL1.HA-ChIP-Seq(GSE127183)/Homer,T101176_2.00,F135_2.00,TS12_2.00,M00781_2.00,MS17_2.00,ENSMUSG00000042821,Mus_musculus,D,C2H2 ZF,zf-C2H2,1,0.755454496,pTH2340,PBM,DREAM_contest,PBM,Weirauch,2013,23354101,NULL,SimilarityRegression,FALSE,Ensembl,http://www.ensembl.org/,2018,Dec,8,M00781_2.00,10,4.154,7.505,1.999,0.42
Gli2,Gli2(Zf)/GM2-Gli2-ChIP-Chip(GSE112702)/Homer,T101235_2.00,F135_2.00,TS12_2.00,M01024_2.00,MS47_2.00,ENSMUSG00000048402,Mus_musculus,D,C2H2 ZF,zf-C2H2,1,0.755454496,Gli2,PBM,Peterson2012,PBM,Peterson,2012,23249739,NULL,SimilarityRegression,FALSE,Ensembl,http://www.ensembl.org/,2018,Dec,8,M01024_2.00,10,8.188,10.686,6.376,0.82
Sp5,Sp5(Zf)/mES-Sp5.Flag-ChIP-Seq(GSE72989)/Homer,T101496_2.00,F135_2.00,TS12_2.00,M09016_2.00,MS27_2.00,ENSMUSG00000075304,Mus_musculus,D,C2H2 ZF,zf-C2H2,1,0.755454496,SP5_MOUSE.H11MO.0.C,Misc,HocoMoco,Misc,Kulakovskiy,2013,23175603,14-Jul,SimilarityRegression,FALSE,Ensembl,http://www.ensembl.org/,2018,Dec,8,M09016_2.00,24,10.459,20.689,7.953,0.44
RBPJ,"RBPJ:Ebox(?,bHLH)/Panc1-Rbpj1-ChIP-Seq(GSE47459)/Homer",T166060_2.00,F161_2.00,TS12_2.00,M00735_2.00,MS14_2.00,ENSG00000168214,Homo_sapiens,D,CSL,LAG1-DNAbind,1,0.7,GST-CSL_Fig2,PBM,DelBianco2010,PBM,DelBianco,2010,21124806,NULL,SequenceIdentity,TRUE,Ensembl,http://www.ensembl.org/,2018,Dec,8,M00735_2.00,10,3.804,7.429,1.686,0.38
Rbpj,Rbpj1(?)/Panc1-Rbpj1-ChIP-Seq(GSE47459)/Homer,T166090_2.00,F161_2.00,TS12_2.00,M09519_2.00,MS28_2.00,ENSMUSG00000017007,Mus_musculus,D,CSL,LAG1-DNAbind,1,0.7,Panc1-Rbpj1_GSE47459,Misc,HOMER,Misc,Heinz,2010,20513432,16-Jan,SequenceIdentity,TRUE,Ensembl,http://www.ensembl.org/,2018,Dec,8,M09519_2.00,10,7.928,10.482,6.053,0.79
ONECUT2,Hnf6b(Homeobox)/LNCaP-Hnf6b-ChIP-Seq(GSE106305)/Homer,T167059_2.00,F164_2.00,TS12_2.00,M04671_2.00,MS62_2.00,ENSG00000119547,Homo_sapiens,D,"CUT,Homeodomain","CUT,Homeobox",2,0.7,ONECUT2_FL_Methyl-HT-SELEX_1,SELEX,Yin2017,SELEX,Yin,2017,28473536,17-Apr,SequenceIdentity,TRUE,Ensembl,http://www.ensembl.org/,2018,Dec,8,M04671_2.00,12,12.684,14.826,11.152,1.06
ONECUT1,HNF6(Homeobox)/Liver-Hnf6-ChIP-Seq(ERP000394)/Homer,T167060_2.00,F164_2.00,TS12_2.00,M09022_2.00,MS27_2.00,ENSG00000169856,Homo_sapiens,D,"CUT,Homeodomain","CUT,Homeobox",2,0.7,HNF6_HUMAN.H11MO.0.B,Misc,HocoMoco,Misc,Kulakovskiy,2013,23175603,14-Jul,SequenceIdentity,TRUE,Ensembl,http://www.ensembl.org/,2018,Dec,8,M09022_2.00,11,8.703,11.687,6.763,0.79
CUX1,CUX1(Homeobox)/K562-CUX1-ChIP-Seq(GSE92882)/Homer,T167063_2.00,F164_2.00,TS12_2.00,M02947_2.00,MS33_2.00,ENSG00000257923,Homo_sapiens,D,"CUT,Homeodomain","CUT,Homeobox",2,0.7,CUX1_2,SELEX,Jolma2013,SELEX,Jolma,2013,23332764,13-Jan,SequenceIdentity,TRUE,Ensembl,http://www.ensembl.org/,2018,Dec,8,M02947_2.00,18,12.082,17.198,9.732,0.67
Cux2,Cux2(Homeobox)/Liver-Cux2-ChIP-Seq(GSE35985)/Homer,T167157_2.00,F164_2.00,TS12_2.00,M09025_2.00,MS27_2.00,ENSMUSG00000042589,Mus_musculus,D,"CUT,Homeodomain","CUT,Homeobox",2,0.7,CUX2_MOUSE.H11MO.0.C,Misc,HocoMoco,Misc,Kulakovskiy,2013,23175603,14-Jul,SequenceIdentity,TRUE,Ensembl,http://www.ensembl.org/,2018,Dec,8,M09025_2.00,11,5.503,10.31,3.287,0.5
DMRT1,DMRT1(DM)/Testis-DMRT1-ChIP-Seq(GSE64892)/Homer,T169047_2.00,F170_2.00,TS12_2.00,M04683_2.00,MS62_2.00,ENSG00000137090,Homo_sapiens,D,DM,DM,1,0.845304522,DMRT1_FL_HT-SELEX,SELEX,Yin2017,SELEX,Yin,2017,28473536,17-Apr,SimilarityRegression,FALSE,Ensembl,http://www.ensembl.org/,2018,Dec,8,M04683_2.00,12,6.824,10.797,4.91,0.57
Dmrtb1,DMRT6(DM)/Testis-DMRT6-ChIP-Seq(GSE60440)/Homer,T169126_2.00,F170_2.00,TS12_2.00,M09028_2.00,MS27_2.00,ENSMUSG00000028610,Mus_musculus,D,DM,DM,1,0.845304522,DMRTB_MOUSE.H11MO.0.C,Misc,HocoMoco,Misc,Kulakovskiy,2013,23175603,14-Jul,SimilarityRegression,FALSE,Ensembl,http://www.ensembl.org/,2018,Dec,8,M09028_2.00,16,8.409,14.464,6.065,0.53
E2F1,E2F1(E2F)/Hela-E2F1-ChIP-Seq(GSE22478)/Homer,T172616_2.00,F174_2.00,TS12_2.00,M09521_2.00,MS28_2.00,ENSG00000101412,Homo_sapiens,D,E2F,E2F_TDP,1,0.428571429,Hela-E2F1_GSE22478,Misc,HOMER,Misc,Heinz,2010,20513432,16-Jan,SequenceIdentity,FALSE,Ensembl,http://www.ensembl.org/,2018,Dec,8,M09521_2.00,10,9.652,11.571,7.973,0.97
E2F3,E2F3(E2F)/MEF-E2F3-ChIP-Seq(GSE71376)/Homer,T172617_2.00,F174_2.00,TS12_2.00,M02957_2.00,MS33_2.00,ENSG00000112242,Homo_sapiens,D,E2F,E2F_TDP,1,0.428571429,E2F3_2,SELEX,Jolma2013,SELEX,Jolma,2013,23332764,13-Jan,SequenceIdentity,FALSE,Ensembl,http://www.ensembl.org/,2018,Dec,8,M02957_2.00,18,14.666,20.069,12.655,0.81
E2F7,E2F7(E2F)/Hela-E2F7-ChIP-Seq(GSE32673)/Homer,T172621_2.00,F174_2.00,TS12_2.00,M04705_2.00,MS62_2.00,ENSG00000165891,Homo_sapiens,D,E2F,E2F_TDP,1,0.428571429,E2F7_eDBD_HT-SELEX,SELEX,Yin2017,SELEX,Yin,2017,28473536,17-Apr,SequenceIdentity,FALSE,Ensembl,http://www.ensembl.org/,2018,Dec,8,M04705_2.00,14,16.391,17.728,14.206,1.17
E2F6,E2F6(E2F)/Hela-E2F6-ChIP-Seq(GSE31477)/Homer,T172622_2.00,F174_2.00,TS12_2.00,M08107_2.00,MS31_2.00,ENSG00000169016,Homo_sapiens,D,E2F,E2F_TDP,1,0.428571429,MA0471.1,ChIP-seq,JASPAR,JASPAR,Mathelier,2014,24194598,14-Aug,SequenceIdentity,FALSE,Ensembl,http://www.ensembl.org/,2018,Dec,8,M08107_2.00,11,8.909,11.28,7.159,0.81
E2F4,E2F4(E2F)/K562-E2F4-ChIP-Seq(GSE31477)/Homer,T172625_2.00,F174_2.00,TS12_2.00,M02962_2.00,MS33_2.00,ENSG00000205250,Homo_sapiens,D,E2F,E2F_TDP,1,0.428571429,E2F4_2,SELEX,Jolma2013,SELEX,Jolma,2013,23332764,13-Jan,SequenceIdentity,FALSE,Ensembl,http://www.ensembl.org/,2018,Dec,8,M02962_2.00,12,14.79,16.201,12.804,1.23
EBF1,EBF(EBF)/proBcell-EBF-ChIP-Seq(GSE21978)/Homer,T174553_2.00,F178_2.00,TS12_2.00,M02963_2.00,MS33_2.00,ENSG00000164330,Homo_sapiens,D,EBF1,COE1_DBD,1,0.7,EBF1_1,SELEX,Jolma2013,SELEX,Jolma,2013,23332764,13-Jan,SequenceIdentity,TRUE,Ensembl,http://www.ensembl.org/,2018,Dec,8,M02963_2.00,14,10.84,14.587,8.762,0.77
EBF1,EBF1(EBF)/Near-E2A-ChIP-Seq(GSE21512)/Homer,T174553_2.00,F178_2.00,TS12_2.00,M09044_2.00,MS27_2.00,ENSG00000164330,Homo_sapiens,D,EBF1,COE1_DBD,1,0.7,COE1_HUMAN.H11MO.0.A,Misc,HocoMoco,Misc,Kulakovskiy,2013,23175603,14-Jul,SequenceIdentity,TRUE,Ensembl,http://www.ensembl.org/,2018,Dec,8,M09044_2.00,15,9.001,13.961,6.866,0.6
ETV1,ETV1(ETS)/GIST48-ETV1-ChIP-Seq(GSE22441)/Homer,T176111_2.00,F180_2.00,TS12_2.00,M04709_2.00,MS62_2.00,ENSG00000006468,Homo_sapiens,D,Ets,Ets,1,0.717430628,ETV1_eDBD_Methyl-HT-SELEX,SELEX,Yin2017,SELEX,Yin,2017,28473536,17-Apr,SimilarityRegression,FALSE,Ensembl,http://www.ensembl.org/,2018,Dec,8,M04709_2.00,11,5.989,9.135,4.112,0.54
SPI1,PU.1(ETS)/ThioMac-PU.1-ChIP-Seq(GSE21512)/Homer,T176113_2.00,F180_2.00,TS12_2.00,M08026_2.00,MS26_2.00,ENSG00000066336,Homo_sapiens,D,Ets,Ets,1,0.717430628,SRP005406_SPI1,ChIP-seq,hmCHIP,ChIP-seq,Chen,2011,21450710,11-Nov,SimilarityRegression,FALSE,Ensembl,http://www.ensembl.org/,2018,Dec,8,M08026_2.00,15,12.268,16.791,10.174,0.82
SPI1,PU.1:IRF8(ETS:IRF)/pDC-Irf8-ChIP-Seq(GSE66899)/Homer,T176113_2.00,F180_2.00,TS12_2.00,M07946_2.00,MS18_2.00,ENSG00000066336,Homo_sapiens,D,Ets,Ets,1,0.717430628,K562_PU1_HudsonAlpha,ChIP-seq,ENCODE,ChIP-seq,Gerstein,2012,22955619,11-Jan,SimilarityRegression,FALSE,Ensembl,http://www.ensembl.org/,2018,Dec,8,M07946_2.00,15,13.258,17.271,11.195,0.88
SPI1,PU.1-IRF(ETS:IRF)/Bcell-PU.1-ChIP-Seq(GSE21512)/Homer,T176113_2.00,F180_2.00,TS12_2.00,M07946_2.00,MS18_2.00,ENSG00000066336,Homo_sapiens,D,Ets,Ets,1,0.717430628,K562_PU1_HudsonAlpha,ChIP-seq,ENCODE,ChIP-seq,Gerstein,2012,22955619,11-Jan,SimilarityRegression,FALSE,Ensembl,http://www.ensembl.org/,2018,Dec,8,M07946_2.00,15,13.258,17.271,11.195,0.88
ELF1,ELF1(ETS)/Jurkat-ELF1-ChIP-Seq(SRA014231)/Homer,T176120_2.00,F180_2.00,TS12_2.00,M08198_2.00,MS42_2.00,ENSG00000120690,Homo_sapiens,D,Ets,Ets,1,0.717430628,Mv63,ChIP-seq,modENCODE,ChIP-seq,Contrino,2012,22080565,16-Mar,SimilarityRegression,FALSE,Ensembl,http://www.ensembl.org/,2018,Dec,8,M08198_2.00,10,10.818,12.451,9.126,1.08
SPDEF,SPDEF(ETS)/VCaP-SPDEF-ChIP-Seq(SRA014231)/Homer,T176121_2.00,F180_2.00,TS12_2.00,M02974_2.00,MS33_2.00,ENSG00000124664,Homo_sapiens,D,Ets,Ets,1,0.717430628,SPDEF_2,SELEX,Jolma2013,SELEX,Jolma,2013,23332764,13-Jan,SimilarityRegression,FALSE,Ensembl,http://www.ensembl.org/,2018,Dec,8,M02974_2.00,15,13.341,17.751,11.304,0.89
ETS1,ETS1(ETS)/Jurkat-ETS1-ChIP-Seq(GSE17954)/Homer,T176123_2.00,F180_2.00,TS12_2.00,M10493_2.00,MS59_2.00,ENSG00000134954,Homo_sapiens,D,Ets,Ets,1,0.717430628,V$CETS1P54_01,Transfac,Transfac,Transfac,Matys,2006,16381825,7,SimilarityRegression,FALSE,Ensembl,http://www.ensembl.org/,2018,Dec,8,M10493_2.00,10,7.226,9.686,5.489,0.72
EHF,EHF(ETS)/LoVo-EHF-ChIP-Seq(GSE49402)/Homer,T176124_2.00,F180_2.00,TS12_2.00,M09533_2.00,MS28_2.00,ENSG00000135373,Homo_sapiens,D,Ets,Ets,1,0.717430628,LoVo-EHF_GSE49402,Misc,HOMER,Misc,Heinz,2010,20513432,16-Jan,SimilarityRegression,FALSE,Ensembl,http://www.ensembl.org/,2018,Dec,8,M09533_2.00,10,7.75,10.248,6.16,0.78
ELF5,ELF5(ETS)/T47D-ELF5-ChIP-Seq(GSE30407)/Homer,T176125_2.00,F180_2.00,TS12_2.00,M04758_2.00,MS62_2.00,ENSG00000135374,Homo_sapiens,D,Ets,Ets,1,0.717430628,ELF5_FL_HT-SELEX,SELEX,Yin2017,SELEX,Yin,2017,28473536,17-Apr,SimilarityRegression,FALSE,Ensembl,http://www.ensembl.org/,2018,Dec,8,M04758_2.00,12,8.448,12.385,6.403,0.7
FLI1,EWS:FLI1-fusion(ETS)/SK_N_MC-EWS:FLI1-ChIP-Seq(SRA014231)/Homer,T176127_2.00,F180_2.00,TS12_2.00,M02992_2.00,MS33_2.00,ENSG00000151702,Homo_sapiens,D,Ets,Ets,1,0.717430628,FLI1_1,SELEX,Jolma2013,SELEX,Jolma,2013,23332764,13-Jan,SimilarityRegression,FALSE,Ensembl,http://www.ensembl.org/,2018,Dec,8,M02992_2.00,10,7.758,10.554,5.825,0.78
GABPA,GABPA(ETS)/Jurkat-GABPa-ChIP-Seq(GSE17954)/Homer,T176128_2.00,F180_2.00,TS12_2.00,M09056_2.00,MS27_2.00,ENSG00000154727,Homo_sapiens,D,Ets,Ets,1,0.717430628,GABPA_HUMAN.H11MO.0.A,Misc,HocoMoco,Misc,Kulakovskiy,2013,23175603,14-Jul,SimilarityRegression,FALSE,Ensembl,http://www.ensembl.org/,2018,Dec,8,M09056_2.00,14,8.722,13.045,6.653,0.62
ERG,ERG(ETS)/VCaP-ERG-ChIP-Seq(GSE14097)/Homer,T176129_2.00,F180_2.00,TS12_2.00,M02734_2.00,MS32_2.00,ENSG00000157554,Homo_sapiens,D,Ets,Ets,1,0.717430628,ERG_dimer,SELEX,Jolma2010,SELEX,Jolma,2010,20378718,NULL,SimilarityRegression,FALSE,Ensembl,http://www.ensembl.org/,2018,Dec,8,M02734_2.00,10,9.418,11.577,7.322,0.94
ERG,EWS:ERG-fusion(ETS)/CADO_ES1-EWS:ERG-ChIP-Seq(SRA014231)/Homer,T176129_2.00,F180_2.00,TS12_2.00,M02734_2.00,MS32_2.00,ENSG00000157554,Homo_sapiens,D,Ets,Ets,1,0.717430628,ERG_dimer,SELEX,Jolma2010,SELEX,Jolma,2010,20378718,NULL,SimilarityRegression,FALSE,Ensembl,http://www.ensembl.org/,2018,Dec,8,M02734_2.00,10,9.418,11.577,7.322,0.94
ELF3,ELF3(ETS)/PDAC-ELF3-ChIP-Seq(GSE64557)/Homer,T176132_2.00,F180_2.00,TS12_2.00,M04786_2.00,MS62_2.00,ENSG00000163435,Homo_sapiens,D,Ets,Ets,1,0.717430628,ELF3_eDBD_HT-SELEX_4,SELEX,Yin2017,SELEX,Yin,2017,28473536,17-Apr,SimilarityRegression,FALSE,Ensembl,http://www.ensembl.org/,2018,Dec,8,M04786_2.00,12,9.559,12.053,7.59,0.8
ETV4,ETV4(ETS)/HepG2-ETV4-ChIP-Seq(ENCODE)/Homer,T176135_2.00,F180_2.00,TS12_2.00,M04795_2.00,MS62_2.00,ENSG00000175832,Homo_sapiens,D,Ets,Ets,1,0.717430628,ETV4_eDBD_Methyl-HT-SELEX_2,SELEX,Yin2017,SELEX,Yin,2017,28473536,17-Apr,SimilarityRegression,FALSE,Ensembl,http://www.ensembl.org/,2018,Dec,8,M04795_2.00,11,7.375,10.909,5.427,0.67
SPIB,SpiB(ETS)/OCILY3-SPIB-ChIP-Seq(GSE56857)/Homer,T176138_2.00,F180_2.00,TS12_2.00,M02678_2.00,MS31_2.00,ENSG00000269404,Homo_sapiens,D,Ets,Ets,1,0.717430628,MA0081.1,SELEX,JASPAR,JASPAR,Mathelier,2014,24194598,14-Aug,SimilarityRegression,FALSE,Ensembl,http://www.ensembl.org/,2018,Dec,8,M02678_2.00,7,6.089,7.812,4.072,0.87
Etv2,Etv2(ETS)/ES-ER71-ChIP-Seq(GSE59402)/Homer,T176530_2.00,F180_2.00,TS12_2.00,M09067_2.00,MS27_2.00,ENSMUSG00000006311,Mus_musculus,D,Ets,Ets,1,0.717430628,ETV2_MOUSE.H11MO.0.A,Misc,HocoMoco,Misc,Kulakovskiy,2013,23175603,14-Jul,SimilarityRegression,FALSE,Ensembl,http://www.ensembl.org/,2018,Dec,8,M09067_2.00,16,9.809,14.593,7.73,0.61
Elk1,Elk1(ETS)/Hela-Elk1-ChIP-Seq(GSE31477)/Homer,T176534_2.00,F180_2.00,TS12_2.00,M09070_2.00,MS27_2.00,ENSMUSG00000009406,Mus_musculus,D,Ets,Ets,1,0.717430628,ELK1_MOUSE.H11MO.0.B,Misc,HocoMoco,Misc,Kulakovskiy,2013,23175603,14-Jul,SimilarityRegression,FALSE,Ensembl,http://www.ensembl.org/,2018,Dec,8,M09070_2.00,11,8.313,11.899,6.276,0.76
Fli1,Fli1(ETS)/CD8-FLI-ChIP-Seq(GSE20898)/Homer,T176537_2.00,F180_2.00,TS12_2.00,M09539_2.00,MS28_2.00,ENSMUSG00000016087,Mus_musculus,D,Ets,Ets,1,0.717430628,CD8-FLI_GSE20898,Misc,HOMER,Misc,Heinz,2010,20513432,16-Jan,SimilarityRegression,FALSE,Ensembl,http://www.ensembl.org/,2018,Dec,8,M09539_2.00,10,4.021,7.663,1.919,0.4
Elk4,Elk4(ETS)/Hela-Elk4-ChIP-Seq(GSE31477)/Homer,T176541_2.00,F180_2.00,TS12_2.00,M09075_2.00,MS27_2.00,ENSMUSG00000026436,Mus_musculus,D,Ets,Ets,1,0.717430628,ELK4_MOUSE.H11MO.0.B,Misc,HocoMoco,Misc,Kulakovskiy,2013,23175603,14-Jul,SimilarityRegression,FALSE,Ensembl,http://www.ensembl.org/,2018,Dec,8,M09075_2.00,13,7.137,11.619,4.947,0.55
Elf4,Elf4(ETS)/BMDM-Elf4-ChIP-Seq(GSE88699)/Homer,T176544_2.00,F180_2.00,TS12_2.00,M01492_2.00,MS60_2.00,ENSMUSG00000031103,Mus_musculus,D,Ets,Ets,1,0.717430628,Elf4,PBM,Wei10,PBM,Wei,2010,20517297,NULL,SimilarityRegression,FALSE,Ensembl,http://www.ensembl.org/,2018,Dec,8,M01492_2.00,10,3.65,7.535,1.579,0.36
Ets1,Ets1-distal(ETS)/CD4+-PolII-ChIP-Seq(Barski_et_al.)/Homer,T176545_2.00,F180_2.00,TS12_2.00,M09078_2.00,MS27_2.00,ENSMUSG00000032035,Mus_musculus,D,Ets,Ets,1,0.717430628,ETS1_MOUSE.H11MO.0.A,Misc,HocoMoco,Misc,Kulakovskiy,2013,23175603,14-Jul,SimilarityRegression,FALSE,Ensembl,http://www.ensembl.org/,2018,Dec,8,M09078_2.00,14,8.321,13.182,6.168,0.59
FOXF1,Foxf1(Forkhead)/Lung-Foxf1-ChIP-Seq(GSE77951)/Homer,T185763_2.00,F196_2.00,TS12_2.00,M10530_2.00,MS59_2.00,ENSG00000103241,Homo_sapiens,D,Forkhead,Forkhead,1,0.663506654,V$HFH8_01,Transfac,Transfac,Transfac,Matys,2006,16381825,7,SimilarityRegression,FALSE,Ensembl,http://www.ensembl.org/,2018,Dec,8,M10530_2.00,13,9.197,12.348,7.416,0.71
FOXM1,FOXM1(Forkhead)/MCF7-FOXM1-ChIP-Seq(GSE72977)/Homer,T185765_2.00,F196_2.00,TS12_2.00,M09085_2.00,MS27_2.00,ENSG00000111206,Homo_sapiens,D,Forkhead,Forkhead,1,0.663506654,FOXM1_HUMAN.H11MO.0.A,Misc,HocoMoco,Misc,Kulakovskiy,2013,23175603,14-Jul,SimilarityRegression,FALSE,Ensembl,http://www.ensembl.org/,2018,Dec,8,M09085_2.00,12,6.64,11.303,4.428,0.55
FOXP1,FOXP1(Forkhead)/H9-FOXP1-ChIP-Seq(GSE31006)/Homer,T185766_2.00,F196_2.00,TS12_2.00,M09541_2.00,MS28_2.00,ENSG00000114861,Homo_sapiens,D,Forkhead,Forkhead,1,0.663506654,H9-FOXP1_GSE31006,Misc,HOMER,Misc,Heinz,2010,20513432,16-Jan,SimilarityRegression,FALSE,Ensembl,http://www.ensembl.org/,2018,Dec,8,M09541_2.00,12,9.185,10.82,7.446,0.77
FOXA2,"Fox:Ebox(Forkhead,bHLH)/Panc1-Foxa2-ChIP-Seq(GSE47459)/Homer",T185768_2.00,F196_2.00,TS12_2.00,M04815_2.00,MS62_2.00,ENSG00000125798,Homo_sapiens,D,Forkhead,Forkhead,1,0.663506654,FOXA2_eDBD_HT-SELEX,SELEX,Yin2017,SELEX,Yin,2017,28473536,17-Apr,SimilarityRegression,FALSE,Ensembl,http://www.ensembl.org/,2018,Dec,8,M04815_2.00,20,9.604,15.388,7.273,0.48
FOXA1,FOXA1(Forkhead)/MCF7-FOXA1-ChIP-Seq(GSE26831)/Homer,T185770_2.00,F196_2.00,TS12_2.00,M08199_2.00,MS42_2.00,ENSG00000129514,Homo_sapiens,D,Forkhead,Forkhead,1,0.663506654,Mv69,ChIP-seq,modENCODE,ChIP-seq,Contrino,2012,22080565,16-Mar,SimilarityRegression,FALSE,Ensembl,http://www.ensembl.org/,2018,Dec,8,M08199_2.00,13,8.811,12.392,6.719,0.68
FOXA1,FOXA1(Forkhead)/LNCAP-FOXA1-ChIP-Seq(GSE27824)/Homer,T185770_2.00,F196_2.00,TS12_2.00,M08199_2.00,MS42_2.00,ENSG00000129514,Homo_sapiens,D,Forkhead,Forkhead,1,0.663506654,Mv69,ChIP-seq,modENCODE,ChIP-seq,Contrino,2012,22080565,16-Mar,SimilarityRegression,FALSE,Ensembl,http://www.ensembl.org/,2018,Dec,8,M08199_2.00,13,8.811,12.392,6.719,0.68
FOXA1,"FOXA1:AR(Forkhead,NR)/LNCAP-AR-ChIP-Seq(GSE27824)/Homer",T185770_2.00,F196_2.00,TS12_2.00,M09090_2.00,MS27_2.00,ENSG00000129514,Homo_sapiens,D,Forkhead,Forkhead,1,0.663506654,FOXA1_HUMAN.H11MO.0.A,Misc,HocoMoco,Misc,Kulakovskiy,2013,23175603,14-Jul,SimilarityRegression,FALSE,Ensembl,http://www.ensembl.org/,2018,Dec,8,M09090_2.00,12,8.496,12.008,6.507,0.71
FOXA1,"NF1:FOXA1(CTF,Forkhead)/LNCAP-FOXA1-ChIP-Seq(GSE27824)/Homer",T185770_2.00,F196_2.00,TS12_2.00,M04817_2.00,MS62_2.00,ENSG00000129514,Homo_sapiens,D,Forkhead,Forkhead,1,0.663506654,FOXA1_eDBD_HT-SELEX,SELEX,Yin2017,SELEX,Yin,2017,28473536,17-Apr,SimilarityRegression,FALSE,Ensembl,http://www.ensembl.org/,2018,Dec,8,M04817_2.00,12,7.81,11.204,5.742,0.65
FOXK2,FOXK2(Forkhead)/U2OS-FOXK2-ChIP-Seq(E-MTAB-2204)/Homer,T185775_2.00,F196_2.00,TS12_2.00,M08118_2.00,MS31_2.00,ENSG00000141568,Homo_sapiens,D,Forkhead,Forkhead,1,0.663506654,MA1103.1,ChIP-seq,JASPAR,JASPAR,Mathelier,2014,24194598,14-Aug,SimilarityRegression,FALSE,Ensembl,http://www.ensembl.org/,2018,Dec,8,M08118_2.00,11,7.078,10.29,4.83,0.64
FOXO1,"PAX3:FKHR-fusion(Paired,Homeobox)/Rh4-PAX3:FKHR-ChIP-Seq(GSE19063)/Homer",T185776_2.00,F196_2.00,TS12_2.00,M03022_2.00,MS33_2.00,ENSG00000150907,Homo_sapiens,D,Forkhead,Forkhead,1,0.663506654,FOXO1_1,SELEX,Jolma2013,SELEX,Jolma,2013,23332764,13-Jan,SimilarityRegression,FALSE,Ensembl,http://www.ensembl.org/,2018,Dec,8,M03022_2.00,8,7.126,9.432,5.131,0.89
FOXH1,Foxh1(Forkhead)/hESC-FOXH1-ChIP-Seq(GSE29422)/Homer,T185777_2.00,F196_2.00,TS12_2.00,M08119_2.00,MS31_2.00,ENSG00000160973,Homo_sapiens,D,Forkhead,Forkhead,1,0.663506654,MA0479.1,ChIP-seq,JASPAR,JASPAR,Mathelier,2014,24194598,14-Aug,SimilarityRegression,FALSE,Ensembl,http://www.ensembl.org/,2018,Dec,8,M08119_2.00,11,9.199,11.242,7.339,0.84
FOXK1,FOXK1(Forkhead)/HEK293-FOXK1-ChIP-Seq(GSE51673)/Homer,T185779_2.00,F196_2.00,TS12_2.00,M04825_2.00,MS62_2.00,ENSG00000164916,Homo_sapiens,D,Forkhead,Forkhead,1,0.663506654,FOXK1_eDBD_HT-SELEX,SELEX,Yin2017,SELEX,Yin,2017,28473536,17-Apr,SimilarityRegression,FALSE,Ensembl,http://www.ensembl.org/,2018,Dec,8,M04825_2.00,11,5.359,9.702,3.214,0.49
Foxa2,Foxa2(Forkhead)/Liver-Foxa2-ChIP-Seq(GSE25694)/Homer,T186353_2.00,F196_2.00,TS12_2.00,M09104_2.00,MS27_2.00,ENSMUSG00000037025,Mus_musculus,D,Forkhead,Forkhead,1,0.663506654,FOXA2_MOUSE.H11MO.0.A,Misc,HocoMoco,Misc,Kulakovskiy,2013,23175603,14-Jul,SimilarityRegression,FALSE,Ensembl,http://www.ensembl.org/,2018,Dec,8,M09104_2.00,13,8.301,11.902,6.237,0.64
Foxa3,Foxa3(Forkhead)/Liver-Foxa3-ChIP-Seq(GSE77670)/Homer,T186358_2.00,F196_2.00,TS12_2.00,M09106_2.00,MS27_2.00,ENSMUSG00000040891,Mus_musculus,D,Forkhead,Forkhead,1,0.663506654,FOXA3_MOUSE.H11MO.0.A,Misc,HocoMoco,Misc,Kulakovskiy,2013,23175603,14-Jul,SimilarityRegression,FALSE,Ensembl,http://www.ensembl.org/,2018,Dec,8,M09106_2.00,13,8.33,12.821,6.136,0.64
Foxo1,Foxo1(Forkhead)/RAW-Foxo1-ChIP-Seq(Fan_et_al.)/Homer,T186362_2.00,F196_2.00,TS12_2.00,M09108_2.00,MS27_2.00,ENSMUSG00000044167,Mus_musculus,D,Forkhead,Forkhead,1,0.663506654,FOXO1_MOUSE.H11MO.0.A,Misc,HocoMoco,Misc,Kulakovskiy,2013,23175603,14-Jul,SimilarityRegression,FALSE,Ensembl,http://www.ensembl.org/,2018,Dec,8,M09108_2.00,10,6.584,9.618,4.472,0.66
Foxo3,Foxo3(Forkhead)/U2OS-Foxo3-ChIP-Seq(E-MTAB-2701)/Homer,T186367_2.00,F196_2.00,TS12_2.00,M09110_2.00,MS27_2.00,ENSMUSG00000048756,Mus_musculus,D,Forkhead,Forkhead,1,0.663506654,FOXO3_MOUSE.H11MO.0.B,Misc,HocoMoco,Misc,Kulakovskiy,2013,23175603,14-Jul,SimilarityRegression,FALSE,Ensembl,http://www.ensembl.org/,2018,Dec,8,M09110_2.00,10,7.852,10.486,5.801,0.79
Foxl2,FoxL2(Forkhead)/Ovary-FoxL2-ChIP-Seq(GSE60858)/Homer,T186369_2.00,F196_2.00,TS12_2.00,M09112_2.00,MS27_2.00,ENSMUSG00000050397,Mus_musculus,D,Forkhead,Forkhead,1,0.663506654,FOXL2_MOUSE.H11MO.0.C,Misc,HocoMoco,Misc,Kulakovskiy,2013,23175603,14-Jul,SimilarityRegression,FALSE,Ensembl,http://www.ensembl.org/,2018,Dec,8,M09112_2.00,11,7.962,11.739,5.894,0.72
Foxd3,FoxD3(forkhead)/ZebrafishEmbryo-Foxd3.biotin-ChIP-seq(GSE106676)/Homer,T186377_2.00,F196_2.00,TS12_2.00,M09114_2.00,MS27_2.00,ENSMUSG00000067261,Mus_musculus,D,Forkhead,Forkhead,1,0.663506654,FOXD3_MOUSE.H11MO.0.C,Misc,HocoMoco,Misc,Kulakovskiy,2013,23175603,14-Jul,SimilarityRegression,FALSE,Ensembl,http://www.ensembl.org/,2018,Dec,8,M09114_2.00,15,5.331,11.183,3.041,0.36
GATA3,"GATA(Zf),IR3/iTreg-Gata3-ChIP-Seq(GSE20898)/Homer",T192724_2.00,F201_2.00,TS12_2.00,M04863_2.00,MS62_2.00,ENSG00000107485,Homo_sapiens,D,GATA,GATA,1,0.801904441,GATA3_FL_HT-SELEX_1,SELEX,Yin2017,SELEX,Yin,2017,28473536,17-Apr,SimilarityRegression,FALSE,Ensembl,http://www.ensembl.org/,2018,Dec,8,M04863_2.00,12,10.921,14.142,8.865,0.91
GATA3,"GATA:SCL(Zf,bHLH)/Ter119-SCL-ChIP-Seq(GSE18720)/Homer",T192724_2.00,F201_2.00,TS12_2.00,M07965_2.00,MS18_2.00,ENSG00000107485,Homo_sapiens,D,GATA,GATA,1,0.801904441,T-47D_GATA3_HudsonAlpha,ChIP-seq,ENCODE,ChIP-seq,Gerstein,2012,22955619,11-Jan,SimilarityRegression,FALSE,Ensembl,http://www.ensembl.org/,2018,Dec,8,M07965_2.00,15,10.116,13.872,8.031,0.67
GATA3,GATA3(Zf)/iTreg-Gata3-ChIP-Seq(GSE20898)/Homer,T192724_2.00,F201_2.00,TS12_2.00,M07965_2.00,MS18_2.00,ENSG00000107485,Homo_sapiens,D,GATA,GATA,1,0.801904441,T-47D_GATA3_HudsonAlpha,ChIP-seq,ENCODE,ChIP-seq,Gerstein,2012,22955619,11-Jan,SimilarityRegression,FALSE,Ensembl,http://www.ensembl.org/,2018,Dec,8,M07965_2.00,15,10.116,13.872,8.031,0.67
GATA3,"GATA(Zf),IR4/iTreg-Gata3-ChIP-Seq(GSE20898)/Homer",T192724_2.00,F201_2.00,TS12_2.00,M04863_2.00,MS62_2.00,ENSG00000107485,Homo_sapiens,D,GATA,GATA,1,0.801904441,GATA3_FL_HT-SELEX_1,SELEX,Yin2017,SELEX,Yin,2017,28473536,17-Apr,SimilarityRegression,FALSE,Ensembl,http://www.ensembl.org/,2018,Dec,8,M04863_2.00,12,10.921,14.142,8.865,0.91
GATA3,"GATA3(Zf),DR8/iTreg-Gata3-ChIP-Seq(GSE20898)/Homer",T192724_2.00,F201_2.00,TS12_2.00,M07965_2.00,MS18_2.00,ENSG00000107485,Homo_sapiens,D,GATA,GATA,1,0.801904441,T-47D_GATA3_HudsonAlpha,ChIP-seq,ENCODE,ChIP-seq,Gerstein,2012,22955619,11-Jan,SimilarityRegression,FALSE,Ensembl,http://www.ensembl.org/,2018,Dec,8,M07965_2.00,15,10.116,13.872,8.031,0.67
GATA3,"GATA3(Zf),DR4/iTreg-Gata3-ChIP-Seq(GSE20898)/Homer",T192724_2.00,F201_2.00,TS12_2.00,M07965_2.00,MS18_2.00,ENSG00000107485,Homo_sapiens,D,GATA,GATA,1,0.801904441,T-47D_GATA3_HudsonAlpha,ChIP-seq,ENCODE,ChIP-seq,Gerstein,2012,22955619,11-Jan,SimilarityRegression,FALSE,Ensembl,http://www.ensembl.org/,2018,Dec,8,M07965_2.00,15,10.116,13.872,8.031,0.67
Gata6,Gata6(Zf)/HUG1N-GATA6-ChIP-Seq(GSE51936)/Homer,T192871_2.00,F201_2.00,TS12_2.00,M00165_2.00,MS02_2.00,ENSMUSG00000005836,Mus_musculus,D,GATA,GATA,1,0.801904441,Gata6_3769,PBM,Badis09,PBM,Badis,2009,19443739,NULL,SimilarityRegression,FALSE,Ensembl,http://www.ensembl.org/,2018,Dec,8,M00165_2.00,8,5.166,7.181,3.248,0.65
Gata2,Gata2(Zf)/K562-GATA2-ChIP-Seq(GSE18829)/Homer,T192872_2.00,F201_2.00,TS12_2.00,M09121_2.00,MS27_2.00,ENSMUSG00000015053,Mus_musculus,D,GATA,GATA,1,0.801904441,GATA2_MOUSE.H11MO.0.A,Misc,HocoMoco,Misc,Kulakovskiy,2013,23175603,14-Jul,SimilarityRegression,FALSE,Ensembl,http://www.ensembl.org/,2018,Dec,8,M09121_2.00,11,6.642,10.193,4.523,0.6
Gata4,Gata4(Zf)/Heart-Gata4-ChIP-Seq(GSE35151)/Homer,T192875_2.00,F201_2.00,TS12_2.00,M09556_2.00,MS28_2.00,ENSMUSG00000021944,Mus_musculus,D,GATA,GATA,1,0.801904441,Heart-Gata4_GSE35151,Misc,HOMER,Misc,Heinz,2010,20513432,16-Jan,SimilarityRegression,FALSE,Ensembl,http://www.ensembl.org/,2018,Dec,8,M09556_2.00,10,7.176,9.277,5.144,0.72
Gata1,Gata1(Zf)/K562-GATA1-ChIP-Seq(GSE18829)/Homer,T192876_2.00,F201_2.00,TS12_2.00,M08127_2.00,MS31_2.00,ENSMUSG00000031162,Mus_musculus,D,GATA,GATA,1,0.801904441,MA0035.3,ChIP-seq,JASPAR,JASPAR,Mathelier,2014,24194598,14-Aug,SimilarityRegression,FALSE,Ensembl,http://www.ensembl.org/,2018,Dec,8,M08127_2.00,11,9.099,11.727,7.302,0.83
GRHL2,GRHL2(CP2)/HBE-GRHL2-ChIP-Seq(GSE46194)/Homer,T199005_2.00,F215_2.00,TS12_2.00,M09125_2.00,MS27_2.00,ENSG00000083307,Homo_sapiens,D,Grainyhead,CP2,1,0.7,GRHL2_HUMAN.H11MO.0.A,Misc,HocoMoco,Misc,Kulakovskiy,2013,23175603,14-Jul,SequenceIdentity,TRUE,Ensembl,http://www.ensembl.org/,2018,Dec,8,M09125_2.00,12,7.415,11.363,5.337,0.62
Tcfcp2l1,Tcfcp2l1(CP2)/mES-Tcfcp2l1-ChIP-Seq(GSE11431)/Homer,T199110_2.00,F215_2.00,TS12_2.00,M08029_2.00,MS26_2.00,ENSMUSG00000026380,Mus_musculus,D,Grainyhead,CP2,1,0.7,SRP000217_Tcfc2pI1,ChIP-seq,hmCHIP,ChIP-seq,Chen,2011,21450710,11-Nov,SequenceIdentity,TRUE,Ensembl,http://www.ensembl.org/,2018,Dec,8,M08029_2.00,21,9.084,16.318,6.811,0.43
CRX,CRX(Homeobox)/Retina-Crx-ChIP-Seq(GSE20012)/Homer,T209782_2.00,F223_2.00,TS12_2.00,M09132_2.00,MS27_2.00,ENSG00000105392,Homo_sapiens,D,Homeodomain,Homeobox,1,0.598692765,CRX_HUMAN.H11MO.0.B,Misc,HocoMoco,Misc,Kulakovskiy,2013,23175603,14-Jul,SimilarityRegression,FALSE,Ensembl,http://www.ensembl.org/,2018,Dec,8,M09132_2.00,13,7.173,12.16,5.013,0.55
DLX5,DLX5(Homeobox)/BasalGanglia-Dlx5-ChIP-seq(GSE124936)/Homer,T209785_2.00,F223_2.00,TS12_2.00,M03095_2.00,MS33_2.00,ENSG00000105880,Homo_sapiens,D,Homeodomain,Homeobox,1,0.598692765,DLX5_1,SELEX,Jolma2013,SELEX,Jolma,2013,23332764,13-Jan,SimilarityRegression,FALSE,Ensembl,http://www.ensembl.org/,2018,Dec,8,M03095_2.00,8,4.867,7.248,2.696,0.61
HOXA1,HOXA1(Homeobox)/mES-Hoxa1-ChIP-Seq(SRP084292)/Homer,T209786_2.00,F223_2.00,TS12_2.00,M04959_2.00,MS62_2.00,ENSG00000105991,Homo_sapiens,D,Homeodomain,Homeobox,1,0.598692765,HOXA1_FL_HT-SELEX,SELEX,Yin2017,SELEX,Yin,2017,28473536,17-Apr,SimilarityRegression,FALSE,Ensembl,http://www.ensembl.org/,2018,Dec,8,M04959_2.00,8,5.626,7.897,4.005,0.7
HOXA2,HOXA2(Homeobox)/mES-Hoxa2-ChIP-Seq(Donaldson_et_al.)/Homer,T209787_2.00,F223_2.00,TS12_2.00,M04966_2.00,MS62_2.00,ENSG00000105996,Homo_sapiens,D,Homeodomain,Homeobox,1,0.598692765,HOXA2_FL_Methyl-HT-SELEX_1,SELEX,Yin2017,SELEX,Yin,2017,28473536,17-Apr,SimilarityRegression,FALSE,Ensembl,http://www.ensembl.org/,2018,Dec,8,M04966_2.00,8,7.159,8.769,5.292,0.89
DLX2,DLX2(Homeobox)/BasalGanglia-Dlx2-ChIP-seq(GSE124936)/Homer,T209810_2.00,F223_2.00,TS12_2.00,M05027_2.00,MS62_2.00,ENSG00000115844,Homo_sapiens,D,Homeodomain,Homeobox,1,0.598692765,DLX2_eDBD_Methyl-HT-SELEX,SELEX,Yin2017,SELEX,Yin,2017,28473536,17-Apr,SimilarityRegression,FALSE,Ensembl,http://www.ensembl.org/,2018,Dec,8,M05027_2.00,8,7.432,8.43,6.708,0.93
CDX4,CDX4(Homeobox)/ZebrafishEmbryos-Cdx4.Myc-ChIP-Seq(GSE48254)/Homer,T209838_2.00,F223_2.00,TS12_2.00,M05129_2.00,MS62_2.00,ENSG00000131264,Homo_sapiens,D,Homeodomain,Homeobox,1,0.598692765,CDX4_FL_HT-SELEX,SELEX,Yin2017,SELEX,Yin,2017,28473536,17-Apr,SimilarityRegression,FALSE,Ensembl,http://www.ensembl.org/,2018,Dec,8,M05129_2.00,11,9.564,12.101,7.856,0.87
GSC,GSC(Homeobox)/FrogEmbryos-GSC-ChIP-Seq(DRA000576)/Homer,T209841_2.00,F223_2.00,TS12_2.00,M05134_2.00,MS62_2.00,ENSG00000133937,Homo_sapiens,D,Homeodomain,Homeobox,1,0.598692765,GSC_eDBD_HT-SELEX,SELEX,Yin2017,SELEX,Yin,2017,28473536,17-Apr,SimilarityRegression,FALSE,Ensembl,http://www.ensembl.org/,2018,Dec,8,M05134_2.00,8,6.371,8.543,4.506,0.8
LHX9,LHX9(Homeobox)/Hct116-LHX9.V5-ChIP-Seq(GSE116822)/Homer,T209855_2.00,F223_2.00,TS12_2.00,M03164_2.00,MS33_2.00,ENSG00000143355,Homo_sapiens,D,Homeodomain,Homeobox,1,0.598692765,LHX9_2,SELEX,Jolma2013,SELEX,Jolma,2013,23332764,13-Jan,SimilarityRegression,FALSE,Ensembl,http://www.ensembl.org/,2018,Dec,8,M03164_2.00,13,11.104,15.202,8.902,0.85
DLX1,DLX1(Homeobox)/BasalGanglia-Dlx1-ChIP-seq(GSE124936)/Homer,T209857_2.00,F223_2.00,TS12_2.00,M03166_2.00,MS33_2.00,ENSG00000144355,Homo_sapiens,D,Homeodomain,Homeobox,1,0.598692765,DLX1_1,SELEX,Jolma2013,SELEX,Jolma,2013,23332764,13-Jan,SimilarityRegression,FALSE,Ensembl,http://www.ensembl.org/,2018,Dec,8,M03166_2.00,10,4.913,8.136,2.8,0.49
HOXB13,HOXB13(Homeobox)/ProstateTumor-HOXB13-ChIP-Seq(GSE56288)/Homer,T209866_2.00,F223_2.00,TS12_2.00,M02092_2.00,MS64_2.00,ENSG00000159184,Homo_sapiens,D,Homeodomain,Homeobox,1,0.598692765,pTH5808,PBM,Zoo_01,PBM,Weirauch,2014,25215497,NULL,SimilarityRegression,FALSE,Ensembl,http://www.ensembl.org/,2018,Dec,8,M02092_2.00,10,2.896,6.588,0.861,0.29
HOXD12,Hoxd12(Homeobox)/ChickenMSG-Hoxd12.Flag-ChIP-Seq(GSE86088)/Homer,T209896_2.00,F223_2.00,TS12_2.00,M05279_2.00,MS62_2.00,ENSG00000170178,Homo_sapiens,D,Homeodomain,Homeobox,1,0.598692765,HOXD12_eDBD_HT-SELEX,SELEX,Yin2017,SELEX,Yin,2017,28473536,17-Apr,SimilarityRegression,FALSE,Ensembl,http://www.ensembl.org/,2018,Dec,8,M05279_2.00,10,7.382,9.948,5.35,0.74
PBX1,PBX1(Homeobox)/MCF7-PBX1-ChIP-Seq(GSE28007)/Homer,T209930_2.00,F223_2.00,TS12_2.00,M05365_2.00,MS62_2.00,ENSG00000185630,Homo_sapiens,D,Homeodomain,Homeobox,1,0.598692765,PBX1_FL_Methyl-HT-SELEX,SELEX,Yin2017,SELEX,Yin,2017,28473536,17-Apr,SimilarityRegression,FALSE,Ensembl,http://www.ensembl.org/,2018,Dec,8,M05365_2.00,10,6.777,10.245,4.787,0.68
PBX2,PBX2(Homeobox)/K562-PBX2-ChIP-Seq(Encode)/Homer,T209941_2.00,F223_2.00,TS12_2.00,M09165_2.00,MS27_2.00,ENSG00000204304,Homo_sapiens,D,Homeodomain,Homeobox,1,0.598692765,PBX2_HUMAN.H11MO.0.C,Misc,HocoMoco,Misc,Kulakovskiy,2013,23175603,14-Jul,SimilarityRegression,FALSE,Ensembl,http://www.ensembl.org/,2018,Dec,8,M09165_2.00,15,7.875,13.63,5.748,0.53
DUX4,DUX4(Homeobox)/Myoblasts-DUX4.V5-ChIP-Seq(GSE75791)/Homer,T209956_2.00,F223_2.00,TS12_2.00,M09167_2.00,MS27_2.00,ENSG00000260596,Homo_sapiens,D,Homeodomain,Homeobox,1,0.598692765,DUX4_HUMAN.H11MO.0.A,Misc,HocoMoco,Misc,Kulakovskiy,2013,23175603,14-Jul,SimilarityRegression,FALSE,Ensembl,http://www.ensembl.org/,2018,Dec,8,M09167_2.00,11,11.343,13.397,9.417,1.03
DUX4,DUX(Homeobox)/C2C12-Dux-ChIP-Seq(GSE87279)/Homer,T209956_2.00,F223_2.00,TS12_2.00,M08135_2.00,MS31_2.00,ENSG00000260596,Homo_sapiens,D,Homeodomain,Homeobox,1,0.598692765,MA0468.1,ChIP-seq,JASPAR,JASPAR,Mathelier,2014,24194598,14-Aug,SimilarityRegression,FALSE,Ensembl,http://www.ensembl.org/,2018,Dec,8,M08135_2.00,11,10.038,12.318,8.28,0.91
HNF1B,HNF1b(Homeobox)/PDAC-HNF1B-ChIP-Seq(GSE64557)/Homer,T209959_2.00,F223_2.00,TS12_2.00,M03245_2.00,MS33_2.00,ENSG00000275410,Homo_sapiens,D,Homeodomain,Homeobox,1,0.598692765,HNF1B_1,SELEX,Jolma2013,SELEX,Jolma,2013,23332764,13-Jan,SimilarityRegression,FALSE,Ensembl,http://www.ensembl.org/,2018,Dec,8,M03245_2.00,13,11.035,14.84,8.843,0.85
Lhx2,Lhx2(Homeobox)/HFSC-Lhx2-ChIP-Seq(GSE48068)/Homer,T212380_2.00,F223_2.00,TS12_2.00,M00380_2.00,MS06_2.00,ENSMUSG00000000247,Mus_musculus,D,Homeodomain,Homeobox,1,0.598692765,Lhx2_0953,PBM,Berger08,PBM,Berger,2008,18585359,NULL,SimilarityRegression,FALSE,Ensembl,http://www.ensembl.org/,2018,Dec,8,M00380_2.00,8,4.657,7.636,2.561,0.58
Hoxa10,Hoxa10(Homeobox)/ChickenMSG-Hoxa10.Flag-ChIP-Seq(GSE86088)/Homer,T212382_2.00,F223_2.00,TS12_2.00,M00382_2.00,MS06_2.00,ENSMUSG00000000938,Mus_musculus,D,Homeodomain,Homeobox,1,0.598692765,Hoxa10_2318,PBM,Berger08,PBM,Berger,2008,18585359,NULL,SimilarityRegression,FALSE,Ensembl,http://www.ensembl.org/,2018,Dec,8,M00382_2.00,9,1.326,4.972,3.849,0.15
Nkx2-1,Nkx2.1(Homeobox)/LungAC-Nkx2.1-ChIP-Seq(GSE43252)/Homer,T212386_2.00,F223_2.00,TS12_2.00,M09171_2.00,MS27_2.00,ENSMUSG00000001496,Mus_musculus,D,Homeodomain,Homeobox,1,0.598692765,NKX21_MOUSE.H11MO.0.A,Misc,HocoMoco,Misc,Kulakovskiy,2013,23175603,14-Jul,SimilarityRegression,FALSE,Ensembl,http://www.ensembl.org/,2018,Dec,8,M09171_2.00,10,7.032,10.118,5.007,0.7
Dlx3,Dlx3(Homeobox)/Kerainocytes-Dlx3-ChIP-Seq(GSE89884)/Homer,T212388_2.00,F223_2.00,TS12_2.00,M00387_2.00,MS06_2.00,ENSMUSG00000001510,Mus_musculus,D,Homeodomain,Homeobox,1,0.598692765,Dlx3_1030,PBM,Berger08,PBM,Berger,2008,18585359,NULL,SimilarityRegression,FALSE,Ensembl,http://www.ensembl.org/,2018,Dec,8,M00387_2.00,9,3.565,6.607,1.49,0.4
Hoxd13,Hoxd13(Homeobox)/ChickenMSG-Hoxd13.Flag-ChIP-Seq(GSE86088)/Homer,T212395_2.00,F223_2.00,TS12_2.00,M03248_2.00,MS33_2.00,ENSMUSG00000001819,Mus_musculus,D,Homeodomain,Homeobox,1,0.598692765,Hoxd13_2,SELEX,Jolma2013,SELEX,Jolma,2013,23332764,13-Jan,SimilarityRegression,FALSE,Ensembl,http://www.ensembl.org/,2018,Dec,8,M03248_2.00,11,7.408,10.723,5.341,0.67
Pknox1,Pknox1(Homeobox)/ES-Prep1-ChIP-Seq(GSE63282)/Homer,T212401_2.00,F223_2.00,TS12_2.00,M00399_2.00,MS06_2.00,ENSMUSG00000006705,Mus_musculus,D,Homeodomain,Homeobox,1,0.598692765,Pknox1_2364,PBM,Berger08,PBM,Berger,2008,18585359,NULL,SimilarityRegression,FALSE,Ensembl,http://www.ensembl.org/,2018,Dec,8,M00399_2.00,8,3.521,6.52,1.451,0.44
Phox2a,Phox2a(Homeobox)/Neuron-Phox2a-ChIP-Seq(GSE31456)/Homer,T212402_2.00,F223_2.00,TS12_2.00,M09564_2.00,MS28_2.00,ENSMUSG00000007946,Mus_musculus,D,Homeodomain,Homeobox,1,0.598692765,Neuron-Phox2a_GSE31456,Misc,HOMER,Misc,Heinz,2010,20513432,16-Jan,SimilarityRegression,FALSE,Ensembl,http://www.ensembl.org/,2018,Dec,8,M09564_2.00,12,7.793,11.593,5.653,0.65
Nanog,Nanog(Homeobox)/mES-Nanog-ChIP-Seq(GSE11724)/Homer,T212403_2.00,F223_2.00,TS12_2.00,M02098_2.00,MS64_2.00,ENSMUSG00000012396,Mus_musculus,D,Homeodomain,Homeobox,1,0.598692765,pTH5685,PBM,Zoo_01,PBM,Weirauch,2014,25215497,NULL,SimilarityRegression,FALSE,Ensembl,http://www.ensembl.org/,2018,Dec,8,M02098_2.00,9,1.659,5.205,5.683,0.18
Phox2b,Phox2b(Homeobox)/CLBGA-PHOX2B-ChIP-Seq(GSE90683)/Homer,T212404_2.00,F223_2.00,TS12_2.00,M00401_2.00,MS06_2.00,ENSMUSG00000012520,Mus_musculus,D,Homeodomain,Homeobox,1,0.598692765,Phox2b_3948,PBM,Berger08,PBM,Berger,2008,18585359,NULL,SimilarityRegression,FALSE,Ensembl,http://www.ensembl.org/,2018,Dec,8,M00401_2.00,8,1.994,5.013,0.134,0.25
